2958 5076
429 447 542 493 manau
563 448 726 494 sannanim
746 448 881 494 rmncrre
1179 441 1215 499 al

89 596 269 657 vastatum
280 589 468 673 laborabat,
482 597 515 658 et
530 592 573 658 ob
583 593 759 660 Cameraci
770 595 1011 677 munitionem,
1025 620 1103 686 quae
1114 606 1210 668 tanto

91 697 253 789 sumptui
268 699 435 791 onerique
451 705 535 766 erat.

134 805 218 872 Non
231 806 341 872 semel
357 811 391 872 et
407 830 425 871 a
445 806 595 873 statibus
609 805 728 873 circuli
759 808 985 898 Westphalici
1000 812 1097 901 petiit
1111 814 1218 882 Maxi·

93 909 262 978 milianus
276 918 314 978 ut
330 910 600 1001 diligentissime
615 913 821 1004 Imperatori
836 914 1113 986 Cameraeesium
1125 943 1217 989 com-

91 1016 346 1086 mendarentet
361 1019 402 1086 ab
426 1019 501 1110 ipso
524 1019 738 1111 Imperatore
763 1027 802 1087 ut
829 1021 1110 1093 Cameracesium
1135 1028 1219 1096 Ger·

90 1123 242 1191 manicis
260 1123 398 1192 tributis
410 1126 594 1194 liberaret:
619 1126 677 1194 ille
697 1132 814 1195 autem
831 1151 957 1219 magno
977 1133 1045 1199 sibi
1061 1137 1218 1226 sumptui

90 1254 166 1299 esse
184 1237 218 1298 et
236 1230 365 1299 milites
379 1233 414 1298 in
429 1232 621 1300 Pannoniae
644 1234 771 1301 finibus
798 1234 983 1326 dispositos
1007 1244 1041 1306 et
1059 1247 1108 1308 tet
1121 1243 1219 1333 oppi-

89 1339 219 1407 dorum
238 1338 451 1406 munitiones
470 1340 661 1431 respondit.
693 1340 760 1408 Per
784 1340 936 1432 legatum
952 1367 1090 1438 quoque
1113 1349 1218 1415 Fran-

88 1447 268 1512 colurtum
298 1444 342 1510 ad
378 1445 548 1513 sollemne
573 1448 772 1526 concilium,
808 1448 867 1515 ubi
894 1450 1156 1522 Maxinrilianns
1185 1455 1217 1523 II

87 1556 276 1618 coronatus
292 1558 355 1633 est,
373 1551 534 1635 missum,
551 1553 832 1646 archiepiscopus
852 1556 1102 1647 Imperatorem
1124 1585 1202 1629 era-

88 1658 138 1726 vit
155 1664 194 1726 ut
206 1658 433 1726 Cameracesii
455 1662 686 1743 misereretur,
714 1661 808 1750 quod
831 1662 960 1730 tributa
985 1664 1115 1734 solvere
1140 1691 1211 1736 non

89 1772 218 1856 posset,
262 1767 362 1856 cujus
404 1767 453 1833 rei
499 1765 704 1857 Orangium
750 1768 989 1859 Egmontium
1031 1774 1215 1842 Areschoti

89 1871 216 1940 ducem
229 1872 385 1964 aliosque
410 1871 522 1963 Belgii
547 1875 721 1966 principes
748 1880 851 1943 testes
881 1876 1078 1948 adhibebat.
1104 1882 1221 1962 Quan-

89 2002 197 2070 quam
219 1980 414 2070 Imperator
438 2002 520 2048 eum
547 1983 643 2047 omni
672 1984 894 2052 excusatione
927 1986 1058 2054 omissa
1084 1996 1118 2054 et
1144 1990 1219 2056 sine

90 2109 190 2154 mora
206 2086 337 2154 tributa
354 2087 486 2154 solvere
495 2086 647 2177 jusserat
658 2091 678 2166 ¹,
700 2112 781 2157 cum
795 2090 838 2156 ad
852 2092 1060 2180 Augrrstana
1078 2096 1219 2162 comitia

89 2192 350 2261 Maximilianus
370 2193 443 2271 ivit,
476 2216 530 2261 res
547 2195 715 2263 nondum
745 2194 904 2263 absoluta
931 2202 1024 2273 erat;
1068 2223 1148 2267 nam
1177 2201 1219 2268 ad

89 2300 378 2369 Cameracensem
406 2300 647 2390 magistratum
673 2302 954 2394 archiepiscopus
984 2329 1026 2372 ex
1060 2308 1219 2397 Augusta

89 2407 144 2475 die
160 2410 203 2476 28
219 2408 349 2475 mensis
362 2407 444 2475 Maii
473 2410 558 2478 1666
581 2409 718 2500 scripsit
748 2410 1000 2501 Imperatorem
1024 2413 1160 2481 dixisse
1184 2440 1219 2483 se

90 2517 361 2582 cameracenses
376 2537 446 2581 non
462 2516 558 2582 omni
574 2539 633 2606 spe
645 2518 799 2606 dejectos
815 2517 1044 2587 dimissurum
1057 2544 1133 2589 esse
1145 2524 1165 2590 ².

135 2620 393 2689 Maximilianus
410 2646 429 2688 a
445 2621 568 2711 Bergis
584 2628 617 2690 et
643 2623 876 2691 Cameracesii
891 2625 1023 2708 Statue,
1051 2633 1089 2693 ut
1118 2652 1138 2695 a
1155 2631 1213 2695 tri-

90 2729 184 2797 butis
199 2729 481 2796 Cameracesium
498 2729 698 2811 liberarent,
719 2730 870 2797 liberum
891 2731 934 2798 ab
959 2733 1055 2800 omni
1077 2734 1214 2803 dicione

92 2835 329 2904 declarabant.
360 2835 497 2903 Etenim
535 2836 571 2903 in
608 2836 736 2904 libellis
773 2839 900 2927 sapius
928 2848 1215 2909 memoraverunt

92 2942 375 3010 (lameracesium
392 2943 547 3010 immune
561 2949 639 3010 ante
655 2966 771 3012 arcem
791 2951 943 3012 erectam
957 2969 1093 3038 semper
1108 2948 1215 3015 luisse

92 3057 123 3115 et
138 3072 354 3140 qrranquam
373 3048 434 3116 illa
448 3055 576 3129 erecta,
589 3073 841 3140 nonnunquam
859 3051 1097 3131 contulerunt,
1111 3056 1217 3122 vehe—

93 3163 228 3225 menter
251 3157 499 3247 Imperatorem
528 3164 737 3247 rogaverunt
758 3163 795 3224 ut
819 3158 854 3224 in
875 3164 1052 3248 posterum
1076 3184 1214 3251 quoque

94 3266 250 3332 Immune
265 3264 365 3330 foret.

136 3372 224 3441 Cum
240 3369 282 3438 de
298 3369 359 3437 illa
376 3370 595 3439 immunitate
612 3395 793 3461 nunquam
809 3374 1005 3463 Imperator
1019 3375 1215 3465 respondis·

94 3484 155 3557 sel,
173 3476 453 3568 archiepiscopus
470 3500 544 3545 rem
562 3478 605 3545 ad
619 3478 761 3547 comitia
776 3480 982 3568 Augustana
997 3481 1131 3549 deterre
1143 3488 1213 3550 sta·

95 3586 170 3652 luit.
189 3585 311 3676 Itaque
327 3584 478 3675 Philippi
497 3585 599 3674 Regis
618 3585 783 3663 ministri,
800 3586 902 3654 veriti
921 3609 963 3655 ne
984 3587 1066 3679 quid
1086 3589 1122 3655 in
1142 3589 1212 3657 illis

95 3692 243 3759 comitiis
259 3690 518 3758 Maximilianus
534 3716 553 3758 a
569 3692 692 3782 Bergis
710 3692 752 3761 de
770 3715 811 3760 ca
830 3715 867 3760 re
890 3691 1031 3777 diceret,
1049 3696 1215 3785 optabant

95 3822 137 3867 ne
152 3801 351 3889 Augustam
367 3796 453 3864 iret:
469 3821 572 3889 quem
589 3799 647 3867 ubi
661 3801 817 3867 eonstitIt
829 3800 976 3881 iturum,
990 3804 1213 3893 prenotarius

97 3905 237 3972 thstillo
254 3904 491 3973 Granvellano
506 3928 593 3990 reru,
621 3912 788 3997 tanquam
813 3930 883 3973 non
908 3907 1035 3991 levem,
1060 3909 1209 4001 scripsit.

99 4011 246 4102 l'bilippi
267 4010 359 4099 regis
374 4008 524 4077 ministri
540 4035 610 4079 non
625 4013 681 4101 agi
698 4013 739 4081 de
761 4014 999 4083 Carueracesio
1014 4016 1049 4083 in
1064 4017 1215 4083 comitiis

128 4250 146 4298 1.
165 4251 230 4302 aiot.
246 4252 279 4298 de
295 4248 424 4307 cambrai,
438 4249 478 4298 Ma
493 4249 562 4309 1168,
575 4266 603 4313 p.
618 4251 646 4300 21
663 4256 689 4300 at
703 4253 746 4302 25.

127 4352 149 4400 2.
165 4348 246 4399 Area.
262 4345 438 4396 romrrrunulea
453 4348 486 4397 dc
497 4348 630 4410 Cambrai,
642 4350 699 4410 GG,
715 4350 748 4402 lt'
