2958 5076
352 383 391 427 nn
410 381 609 427 mammiano
632 383 806 428 cmnnnrrn
828 384 963 430 suasore
1118 370 1174 429 127

93 524 221 595 demiae
239 525 381 595 initium
401 525 480 594 fuit.
503 525 661 619 Denique
683 549 764 610 una,
780 527 891 596 veniae
909 527 1084 617 generalis
1099 551 1214 606 causa,

91 633 273 701 Albanum
286 631 415 701 adituri
427 638 520 700 sunt.
535 633 786 701 Richardotnm
802 634 908 702 etiam
924 635 1022 725 quasi
1038 635 1215 704 sincerum

92 739 313 833 liberumque
332 739 562 809 consiliorum
584 739 786 809 ministrum
807 740 1214 812 Maximiliannshabuit.

94 848 184 917 Cum
199 847 293 917 enim
306 849 487 941 episcopos
497 870 687 917 convocare
701 849 873 938 cogitaret
885 855 925 917 ut
940 850 1099 940 capitulis
1115 850 1217 919 resis-

93 959 237 1038 teretur,
256 978 276 1022 a
297 954 510 1025 Richardoto
531 955 719 1023 consilinm
734 957 846 1048 petiit,
867 956 1024 1047 quicum
1044 980 1116 1025 non
1137 980 1218 1050 pro·

93 1062 209 1138 bavit;
227 1061 310 1131 item
325 1061 568 1142 RichardotuS,
582 1061 781 1133 Morillonio
797 1064 826 1131 si
842 1062 926 1132 fides
941 1062 1136 1134 adhibenda
1151 1070 1213 1147 est,

92 1192 179 1239 eum
202 1169 436 1263 reprehendit,
456 1168 550 1260 quod
574 1170 605 1237 ei
630 1170 750 1239 nullus
779 1178 870 1239 esset
895 1170 1119 1241 Granvellani
1139 1194 1217 1241 res-

91 1283 249 1369 pectus¹.

139 1383 312 1454 Omnibus
335 1385 407 1453 fere
430 1383 578 1477 Belgicis
602 1385 776 1478 episcopis
801 1388 899 1454 sexto
924 1385 1061 1456 decimo
1085 1387 1216 1457 saeculo

91 1489 327 1560 Richardotus
349 1497 381 1560 et
402 1490 560 1560 doctrina
582 1499 616 1560 et
640 1492 768 1560 virtute
791 1494 962 1585 praestitit.
983 1494 1028 1563 Et
1050 1494 1157 1563 verbo
1182 1501 1216 1564 et

92 1621 238 1667 suarum
249 1599 419 1666 virtutum
436 1598 594 1685 exemplo
612 1605 731 1668 contra
746 1600 927 1669 haereticos
944 1602 981 1668 in
996 1625 1059 1671 sua
1076 1602 1216 1672 diceeesi

90 1705 402 1775 vehementissime
416 1706 513 1774 nisus
527 1713 588 1774 est.
609 1706 823 1776 Clementem
836 1731 972 1802 semper
989 1733 1024 1777 se
1040 1712 1217 1802 professus

91 1819 156 1893 est,
171 1814 263 1881 sicut
275 1814 311 1880 in
321 1812 394 1894 illa,
404 1836 510 1905 qnam
526 1813 617 1905 apud
628 1815 828 1885 Duacenam
846 1815 1072 1886 Academiam
1080 1817 1214 1898 habuit,

91 1920 268 1989 oratione:
302 1948 321 1983 <
351 1921 432 1989 Haeo
461 1925 577 1989 tamen
605 1920 708 2003 mala,
739 1923 866 2015 inquit,
897 1945 1099 2016 quanquam
1135 1931 1217 1993 sunt

91 2028 257 2106 maxima,
272 2027 374 2096 vitari
391 2050 491 2120 posse
519 2034 551 2096 et
571 2029 711 2121 penitus
727 2029 855 2120 depelli
870 2031 1003 2121 judico,
1021 2031 1050 2098 si
1073 2030 1216 2123 quidem

91 2158 169 2204 eam
188 2135 364 2218 virtutem,
384 2134 612 2227 diligentiam,
631 2137 786 2204 studium
802 2136 845 2204 ad
865 2159 941 2206 eam
956 2161 1029 2206 rem
1046 2139 1215 2229 praestite-

90 2242 204 2311 rimus
239 2241 362 2334 hisque
394 2242 500 2310 armis
536 2243 760 2333 potissimum
795 2245 1053 2328 certaverimus,
1088 2245 1215 2336 quibus

93 2350 244 2442 quisque
267 2349 402 2428 vicerit,
419 2353 552 2418 constet
575 2350 669 2420 hunc
686 2373 799 2434 causa,
817 2374 889 2420 non
904 2352 1045 2420 fortuna
1058 2353 1216 2445 superio-

90 2478 178 2526 rem:
189 2454 285 2525 idest
298 2456 437 2536 virtute,
449 2479 539 2548 quae,
557 2458 717 2548 quamvis
732 2480 984 2550 nonnunquam
999 2462 1216 2551 opprimatur

90 2563 325 2656 impostorum
351 2563 518 2656 nequitia,
540 2564 666 2633 victrix
690 2588 825 2657 semper
849 2567 938 2635 solet
963 2588 1139 2657 emergere
1153 2590 1213 2636 a»

91 2671 181 2740 ltem
195 2671 233 2739 in
250 2669 383 2763 synodo
403 2671 579 2740 Cameraci
595 2694 687 2741 anno
704 2675 789 2742 1565
806 2674 937 2757 habita,
955 2674 1108 2743 ostendit
1125 2697 1214 2766 quo-

89 2777 196 2846 modo
218 2778 255 2846 in
275 2779 432 2848 ecclesia
451 2777 631 2848 catholicae
648 2780 799 2849 miseriis
823 2804 858 2850 se
880 2783 1073 2851 sacerdotes
1097 2804 1214 2872 gerere

91 2885 246 2955 deceret:
277 2910 296 2953 c
321 2883 412 2966 Quid
434 2885 541 2979 igitur
564 2886 705 2955 anobis
725 2889 909 2979 expetitur,
930 2890 1074 2957 Patres?
1099 2890 1144 2960 Ut
1169 2891 1215 2958 sit

92 2991 251 3063 delectus
275 2993 311 3061 in
334 2993 552 3076 ministeriis,
578 2993 616 3062 in
641 2994 736 3063 clero
763 3001 797 3063 et
822 2995 922 3088 plebe
951 2995 1147 3089 disciplina,
1178 2997 1214 3064 in

91 3099 193 3169 cultu
207 3100 399 3183 sinceritas,
415 3100 452 3169 in
472 3099 619 3169 ecclesia
637 3112 861 3169 conservetur
878 3101 1029 3193 dignitas
1044 3108 1078 3170 et
1091 3107 1216 3171 aucto-

90 3207 188 3278 ritas.
207 3208 291 3291 Quae
305 3208 423 3276 omnia
438 3211 552 3299 togata
565 3213 599 3277 et
607 3208 790 3277 incruenta
804 3208 963 3292 victoria,
974 3209 1112 3279 Christo
1126 3209 1214 3279 duce

92 3321 126 3384 et
150 3316 374 3408 imperatore,
399 3317 565 3407 consequi
581 3339 768 3408 possumus
789 3317 812 3385 ⁸.
837 3344 856 3381 »
874 3315 946 3385 Nec
959 3322 1095 3384 tantum
1109 3317 1215 3386 verba

93 3422 188 3508 facit,
206 3422 267 3492 sed
286 3424 425 3515 etegit:
449 3423 560 3492 linaei
579 3422 653 3515 ipse
675 3423 880 3492 haereticum
899 3424 1012 3515 Lecoq
1032 3423 1075 3491 ad
1097 3424 1215 3494 catho-

93 3527 198 3599 licam
221 3529 404 3599 ecclesiam
428 3530 609 3611 convertit,
634 3529 757 3600 deinde
783 3532 860 3623 ejus
881 3532 988 3601 vitam
1011 3530 1214 3624 deprecatus

93 3644 155 3722 est,
182 3660 288 3729 qnam
317 3638 348 3706 ei
372 3637 571 3706 condonare
596 3636 846 3706 Granvellanns
872 3637 985 3707 noluit
1008 3643 1035 3721 ⁴;
1065 3638 1215 3732 denique

92 3767 185 3814 anno
212 3746 311 3829 1569,
326 3767 408 3814 cum
434 3745 588 3813 maxima
614 3745 832 3828 auctoritate,
854 3750 1050 3815 ceterorum
1077 3746 1212 3838 episco-

121 3923 145 3975 l.
163 3923 284 4009 Correpp.
300 3922 332 3974 de
344 3922 491 3985 mancello,
505 3923 537 3984 11,
552 3938 578 3988 p.
594 3923 651 3974 127.

120 4022 147 4075 2.
162 4022 345 4074 Reveroadt‘aa.
361 4024 388 4072 et
399 4021 576 4088 Eloquentiae.
595 4021 652 4072 Viri
668 4022 701 4074 D.
715 4022 809 4074 franc.
828 4022 986 4075 lticdmdott
996 4022 1214 4078 Atrebatemtum

91 4103 209 4171 episcopt
223 4104 371 4164 Orationes,
383 4117 412 4167 p.
427 4101 511 4155 5952.

121 4204 146 4256 3.
159 4201 265 4262 haar,
278 4199 339 4262 XV,
351 4214 377 4264 p.
388 4198 445 4253 212.

121 4301 146 4353 ⁴.
160 4299 286 4365 carew.
302 4299 335 4350 de
346 4296 497 4362 Granvelte,
512 4298 543 4360 tl,
553 4312 580 4362 p.
592 4296 651 4349 159.
