2958 5076
461 488 577 534 murcos
599 487 712 534 carun
733 489 948 535 cusronmrors
1220 477 1258 536 79

135 637 191 700 tos
208 632 350 712 Albani,
367 631 427 723 qui
442 656 460 698 ‹
475 631 598 701 Barbae
613 633 755 724 nigrae»
777 632 993 718 dicebantur,
1008 635 1106 702 velut
1122 635 1159 703 in
1177 635 1259 704 hos-

136 737 254 809 ticose
270 739 464 809 habuerunt
475 744 579 833 atque
591 740 641 809 ita
654 746 779 809 cuncta
787 742 984 833 spoliarunt
994 741 1255 833 nudaruntque,
1317 776 1319 780 ·

135 856 179 915 ut
205 847 348 939 jusserit
383 848 543 917 Albanus
577 847 865 917 scelestissimum
897 871 1071 942 quemque
1101 849 1257 942 patibulo

135 953 234 1045 affigi
248 959 269 1022 ¹.
288 955 459 1024 Postridie
473 978 579 1046 quam
598 955 674 1024 hac
687 954 807 1025 Alavae
831 954 1090 1023 Maximiliaaus
1111 957 1259 1024 nuntia-

135 1061 202 1141 vit,
234 1061 485 1131 Granvellanus
510 1064 583 1153 ipse
610 1061 773 1154 Philippo
801 1062 874 1154 regi
909 1063 1048 1153 scripsit
1076 1062 1112 1129 in
1143 1085 1258 1131 arcem

138 1168 425 1238 Cameracensem
451 1170 621 1261 Hispanos
651 1169 851 1253 mittendos
872 1192 1021 1260 quorum
1045 1169 1150 1239 duces
1172 1171 1258 1261 Regi

138 1280 279 1345 tantum
300 1280 335 1344 et
364 1278 599 1368 gubernatrici
627 1275 768 1345 obnoxii
790 1282 905 1346 essent
919 1285 941 1345 ¹.
963 1277 1258 1370 Archiepiscopus

139 1387 270 1461 autem,
293 1385 352 1474 qui
374 1407 464 1476 saepe
487 1383 690 1477 praeaidium
712 1385 928 1475 requisierat,
945 1407 1017 1453 non
1038 1386 1111 1453 sine
1132 1385 1258 1453 timore

138 1489 228 1558 illud
247 1490 410 1561 accedere
435 1492 557 1561 audiit.
587 1492 664 1561 lam
693 1515 784 1560 anno
812 1493 989 1582 superiore
1016 1497 1158 1586 questus
1186 1497 1260 1560 erat

138 1598 230 1666 arcis
251 1597 422 1669 militibus
448 1598 661 1693 stipendium
687 1622 759 1667 non
789 1599 945 1668 solutum
969 1622 1043 1668 esse
1065 1620 1192 1693 cosque
1215 1600 1257 1668 ob

139 1704 230 1773 banc
246 1728 385 1774 causam
399 1730 540 1777 omnem
556 1708 645 1777 circa
660 1729 785 1800 agrum
799 1708 989 1776 vastavisse
1002 1707 1024 1774 ³.

184 1812 250 1882 Die
273 1816 293 1881 8
316 1815 445 1882 mensis
468 1814 627 1885 Octobris
656 1820 816 1883 revocata
846 1815 1033 1907 Margarita
1054 1815 1259 1908 Albanoque

139 1920 252 2012 Belgii
266 1922 472 2012 praefectura
487 1924 685 2007 commissa,
698 1943 788 1990 novo
803 1923 964 2015 praefecto
987 1945 1027 1990 ec
1042 1923 1175 2014 majore
1189 1928 1261 1991 stu·

140 2027 197 2095 dio
212 2050 356 2120 operam
370 2030 522 2114 navavit,
540 2030 632 2122 quod
648 2031 679 2099 ei
700 2029 799 2098 nulla
817 2030 910 2121 pacis
926 2034 961 2096 et
974 2031 1171 2097 securitatis
1186 2031 1258 2121 jam

140 2157 219 2227 spes
243 2140 330 2203 erat.
355 2136 525 2229 Orangius
548 2138 641 2205 enim
664 2160 745 2204 cum
767 2136 902 2206 Albano
924 2137 961 2204 in
980 2136 1127 2230 gratiam
1146 2137 1259 2205 redire

141 2241 259 2310 minus
273 2242 373 2312 facile
396 2250 531 2337 poterat
552 2268 657 2337 quam
688 2245 774 2313 olim
804 2267 883 2312 oum
915 2245 1116 2334 Margarita:
1143 2245 1259 2337 itaqua

141 2348 235 2417 bello
274 2353 533 2443 ingravescente
569 2358 603 2421 et
629 2352 803 2435 GbeusiiS,
844 2352 1030 2443 hugonotis
1064 2351 1260 2444 Albanique

141 2457 347 2526 exercituin
364 2459 643 2529 Cameracesium
659 2460 748 2528 inter
771 2481 807 2528 se
822 2458 1122 2539 concurrentibus,
1149 2460 1261 2528 multa

139 2567 213 2652 jam
229 2563 488 2636 Maxinrilianus
502 2591 666 2660 passurus
686 2572 772 2636 arat.
787 2566 903 2634 Mense
915 2566 1015 2657 junio
1030 2569 1128 2651 1568,
1147 2567 1262 2636 Gbeu-

141 2670 184 2737 sii
199 2675 235 2737 ot
250 2670 419 2763 hugonoti
435 2698 555 2744 rursus
571 2674 828 2743 Cameracensis
849 2674 938 2741 arcis
958 2674 1166 2766 occupandae
1179 2697 1260 2742 con·

140 2777 264 2846 silium
291 2779 399 2849 iniere
414 2787 439 2859 ⁸3
471 2783 589 2876 itaque
610 2784 832 2852 intentiorem
859 2781 913 2847 sui
937 2782 1122 2850 comitatus
1143 2804 1261 2850 curam

140 2884 403 2957 Maximilianus
437 2891 510 2981 jam
549 2891 682 2974 habuit,
708 2913 772 2958 nec
810 2891 996 2982 quicquam
1037 2891 1094 2958 vel
1125 2889 1263 2956 minimi

142 2995 311 3061 momenti
341 2994 382 3064 de
412 2996 520 3065 Gallis
547 2998 720 3066 haereticis
751 3019 788 3063 ac
817 2998 1011 3088 praesertim
1039 2996 1081 3065 de
1112 2995 1261 3064 Condaeo

142 3099 266 3183 audiit,
283 3102 368 3191 quin
384 3104 518 3172 Albano
532 3110 652 3173 statim
666 3104 818 3173 traderet
832 3115 853 3172 ⁸.

188 3207 256 3275 Eos
268 3206 305 3275 iu
323 3210 443 3299 primis
458 3212 602 3281 timebat
626 3213 685 3303 qui
702 3212 900 3290 Camaraco,
919 3210 1081 3289 Castalio,
1107 3211 1262 3299 Tornaco

148 3311 435 3407 Valentianisquo
450 3321 552 3411 ejecti
565 3327 673 3389 erant.
691 3320 719 3386 E
735 3318 848 3387 Gallia
863 3342 1012 3411 quoquo,
1026 3318 1084 3387 ubi
1101 3341 1137 3386 sc
1156 3318 1263 3388 libere

146 3426 285 3489 acturos
299 3435 531 3515 speraverant,
545 3426 689 3495 Carolus
699 3449 770 3506 reu,
781 3426 978 3518 postulante
988 3426 1261 3518 archiepiscope,

146 3528 328 3620 expulerat
342 3537 365 3600 ⁰.
402 3534 567 3602 Attamen
607 3535 796 3626 octingenti
833 3534 1044 3625 nongentivo
1078 3533 1263 3601 calviniani

147 3655 226 3703 cum
253 3637 363 3707 tribus
388 3640 444 3710 vel
465 3646 612 3731 quatuor
633 3641 893 3733 hugonotorum
914 3640 1103 3733 manipulis
1125 3662 1161 3708 se
1183 3662 1263 3708 con·

145 3742 349 3831 junxerunt,
367 3753 407 3815 ut
428 3747 463 3816 in
492 3748 772 3819 Cameracesium
792 3748 1005 3817 incursiones
1026 3750 1190 3816 facerent.
1215 3748 1264 3815 Re

177 3901 201 3955 1.
218 3906 297 3957 atreb.
311 3907 371 3958 Nat.
389 3909 421 3962 Κ.
436 3909 506 3961 15111.

176 4001 201 4052 2.
220 4002 341 4071 Correcp.
356 4005 388 4057 de
399 4007 532 4073 Philippa,
548 4007 568 4059 1.
583 4022 609 4073 p.
623 4007 678 4058 eol.

177 4098 201 4149 3.
219 4101 328 4167 Papierc
342 4095 434 4156 uerat
448 4110 473 4156 et
483 4106 516 4157 de
532 4105 690 4166 laudiceae,
705 4104 761 4166 238,
775 4119 801 4169 p.
820 4104 861 4157 37.

182 4202 207 4253 ⁴.
226 4204 305 4256 Arclr.
318 4205 420 4256 Nation.
436 4207 467 4258 ll.
485 4204 557 4257 1511.

178 4302 204 4353 5.
220 4296 465 4368 Papieraddtotet
477 4303 510 4353 dc
525 4298 686 4362 Modicam,
698 4301 754 4354 238.
770 4315 796 4365 p.
811 4301 855 4366 143.

184 4397 210 4453 6.
228 4398 347 4466 Gorrcrp.
363 4400 396 4453 dc
410 4400 559 4463 morcelle,
574 4399 619 4461 111,
633 4413 659 4464 p.
669 4399 725 4450 284.
