2968 5072
230 457 288 518 138
627 468 664 512 na
687 468 776 513 vnum
799 466 947 513 eruantur

229 616 312 683 tiam
327 612 490 695 laudavit,
507 605 786 681 Maximilianum
801 633 873 679 non
892 611 1070 703 impellere
1086 634 1158 680 uon
1173 614 1290 704 potuit
1308 622 1345 681 ut

228 723 330 814 Regis
347 721 525 788 ministros
541 742 560 786 a
575 719 754 810 suppliciis
773 718 971 787 deterreret.
987 719 1126 787 Etenim
1141 727 1182 787 ut
1197 719 1347 811 aBelgio

227 828 396 912 discessit,
424 825 675 896 Granvellanus
699 826 753 907 iis,
780 826 839 917 qui
865 825 962 916 quasi
987 826 1101 916 ipsum
1127 826 1344 918 expulerant,

227 935 465 1004 succensuisse
480 955 551 1003 non
564 932 714 1001 videtur.
731 934 829 1024 Saepe
846 932 980 1023 optima
993 932 1149 1015 consilia,
1162 940 1203 1001 ut
1219 957 1262 1002 ex
1277 934 1348 1002 diu-

227 1050 329 1111 turno
352 1064 468 1111 rerum
491 1039 746 1132 hominumque
769 1063 849 1121 usu,
877 1039 1038 1131 Philippo
1053 1041 1174 1124 misit,
1200 1064 1282 1108 cum
1307 1040 1346 1108 de

227 1150 376 1242 Belgicis
399 1149 513 1226 rebus,
535 1169 737 1238 quanquam
763 1147 899 1229 abseuS,
926 1145 1113 1238 prudenter
1133 1153 1168 1215 et
1194 1146 1347 1217 dilucide

225 1257 407 1348 judicaret.
417 1258 519 1322 Anno
534 1252 724 1346 presertim
736 1256 834 1333 1566,
846 1276 927 1320 cum
940 1252 1159 1322 iconomachi
1173 1256 1344 1336 saevirent,

226 1365 310 1455 quid
322 1361 459 1432 consilii
474 1371 507 1429 et
523 1360 717 1452 prudentiae
733 1361 879 1453 quisque
894 1359 1047 1441 haberet,
1064 1360 1183 1428 videre
1199 1361 1291 1429 licet.
1308 1363 1347 1429 ln

226 1471 403 1562 Hispania,
438 1490 558 1536 omnes
588 1490 704 1535 severe
730 1468 767 1534 in
798 1466 980 1534 seditiosos
997 1467 1347 1535 animadvertendum

227 1601 300 1646 esse
330 1575 648 1656 conclamaverunt,
666 1580 701 1642 et
724 1575 796 1642 Rex
823 1579 899 1642 tum
925 1573 1057 1642 litteras
1084 1575 1239 1666 scripsit,
1262 1598 1346 1665 quas

224 1684 339 1775 Belgis
355 1684 539 1774 Margarita
557 1680 755 1749 exhibuisse
771 1704 841 1749 non
857 1680 1005 1763 videtur,
1021 1688 1058 1747 ut
1075 1680 1262 1749 seditiosos
1277 1704 1346 1750 uon
1375 1686 1378 1692 ’

225 1791 329 1860 modo
356 1791 510 1881 impune,
534 1789 594 1856 sed
623 1788 726 1856 etiam
755 1810 893 1856 summo
922 1810 1001 1856 cum
1028 1788 1161 1856 honore
1189 1789 1346 1858 occidere

226 1899 356 1981 liceret,
380 1903 415 1965 et
439 1896 538 1987 quasi
561 1917 698 1963 sacrum
724 1894 859 1962 bellum
879 1895 1044 1963 adversus
1065 1895 1249 1964 haereticos
1269 1897 1344 1963 His-

225 2005 306 2097 pani
324 2004 517 2072 sacerdotes
540 2003 827 2094 predicaverunt.
842 2003 939 2070 Tunc
955 2008 1074 2070 contra
1092 1991 1344 2070 Granvellanus

226 2112 364 2202 scripsit
377 2111 441 2180 sibi
454 2109 623 2202 quidquid
639 2108 780 2193 lenitate
794 2116 828 2176 et
844 2108 1028 2177 clementia
1040 2110 1217 2200 impetrari
1232 2119 1344 2201 posset

220 2218 396 2310 voptimum
422 2217 554 2299 videri;
584 2216 703 2283 multis
728 2215 997 2304 ignoscendum,
1022 2217 1080 2307 qui
1109 2217 1345 2307 peccavissent

225 2332 359 2393 tantum
383 2325 475 2415 quod
499 2325 535 2391 in
560 2345 712 2392 errorem
735 2322 870 2390 inducti
898 2328 1030 2399 esseut;
1060 2323 1245 2404 beneficia,
1270 2345 1343 2415 qua

224 2433 291 2522 ipsi
308 2439 369 2499 aut
382 2434 535 2522 majores
551 2430 735 2509 dedissent,
754 2428 866 2520 pluris
883 2430 1087 2498 aestimanda
1102 2453 1209 2519 quam
1226 2431 1343 2520 decep-

224 2544 341 2606 torum
358 2539 543 2606 hominum
564 2560 708 2618 errores,
734 2560 774 2605 eo
797 2538 908 2628 magis
928 2536 1021 2626 qnod
1044 2559 1079 2605 se
1102 2538 1219 2628 ipsum
1249 2538 1343 2605 infir-

223 2650 334 2712 maret
349 2644 509 2735 quisquis
525 2643 696 2713 occideret
710 2667 791 2712 suos
806 2654 828 2711 ¹.

267 2751 387 2843 Neque
401 2757 525 2818 natura
543 2774 655 2842 neque
669 2751 848 2819 voluntate
865 2774 978 2817 saevus
994 2756 1078 2832 erat,
1093 2774 1336 2843 necunquam,

222 2858 313 2925 sicut
328 2858 428 2924 aiunt
442 2858 710 2947 nonnulli‚Regi
723 2859 861 2949 scripsit
876 2873 957 2924 eum
972 2881 1043 2925 non
1052 2858 1173 2949 Belgio
1189 2859 1344 2949 impera-

222 2972 341 3033 turum
354 2987 441 3046 esse,
453 2964 521 3032 nisi
538 2969 642 3056 caput
657 2987 717 3032 sex
732 2965 932 3055 proceribus
945 2965 1085 3054 praecidi
1095 2966 1247 3053 juberet.
1257 2967 1341 3033 Pro-

223 3095 315 3140 ceres
328 3077 465 3140 tantum
479 3071 632 3140 dividere
647 3071 798 3150 volebat,
813 3076 852 3139 ut
874 3071 1000 3155 foedus,
1016 3072 1109 3160 quod
1123 3071 1209 3139 inse
1227 3073 1342 3164 ipsum

222 3179 622 3261 fecissentdissolveret:
638 3178 716 3245 aliis
726 3179 927 3258 favendum,
945 3178 1034 3246 alios
1046 3178 1239 3246 honoribus
1256 3178 1344 3269 deji-

223 3284 1343 3373 ciendos,aliismnneraquaedamtorismundanda.NeoGranvel-

223 3394 325 3459 lanus
345 3398 467 3461 auctor
481 3393 548 3458 fuit
568 3396 608 3459 ut
625 3392 831 3482 Egmoutius
848 3398 880 3459 et
895 3393 1082 3459 Hornauus
1106 3390 1342 3482 deprehende-

223 3504 358 3567 rentur:
376 3501 499 3576 immo,
518 3520 597 3565 curn
622 3498 857 3589 deprehensos
870 3498 1052 3581 audissset,
1069 3496 1111 3564 ad
1137 3498 1340 3590 Philippum

223 3607 355 3696 Regem
368 3628 429 3695 pro
439 3606 631 3691 'Egmontio
659 3609 746 3694 egit:
769 3626 873 3693 quem
893 3605 981 3693 Regi
1004 3610 1141 3672 tantum
1166 3610 1200 3672 et
1221 3605 1340 3695 Belgio

223 3735 365 3804 operam
379 3713 531 3801 praebere
546 3711 699 3779 voluisse
716 3710 813 3791 dixit,
823 3712 1006 3803 officioque
1022 3735 1085 3779 suo
1101 3712 1144 3781 ob
1157 3711 1193 3778 id
1205 3718 1339 3781 tantum

223 3818 372 3886 defuisse
387 3817 480 3908 quod
495 3819 537 3885 ab
550 3818 630 3886 aliis
646 3818 682 3911 in
698 3840 850 3885 errorem
866 3817 1031 3885 inductus
1046 3823 1146 3901 esset,
1160 3824 1194 3887 et
1204 3841 1342 3887 memo-

222 3926 311 3992 riam
324 3925 585 4004 beueficiorum,
604 3947 682 4014 quae
697 3925 905 4015 Egmontius
921 3923 958 3991 in
973 3925 1103 4015 Regem
1120 3926 1338 4004 contulisset,

223 4031 446 4122 repetendam
468 4030 629 4097 censebat
644 4028 779 4099 'Anno
802 4033 901 4110 1579,
918 4030 1123 4122 Philippum
1144 4030 1340 4100 Granvella·

256 4200 279 4251 l.
297 4199 416 4263 Correap.
429 4198 462 4247 de
472 4197 596 4262 Philippa
609 4199 644 4261 ll,
660 4201 679 4250 t.
697 4199 731 4262 11,
744 4198 841 4276 PnLffl
854 4200 879 4249 et
890 4198 959 4250 LlV.
970 4199 1020 4262 (die
1028 4199 1059 4250 15
1068 4198 1166 4251 mensis
1180 4200 1337 4266 Septembris

225 4281 307 4346 1566).
323 4279 362 4332 uf.
378 4284 396 4329 t.
408 4283 429 4341 l,
442 4294 466 4342 p.
484 4279 593 4330 CLXXI.
1208 4300 1211 4305 ·
1291 4296 1295 4305 ·

256 4382 271 4434 2
297 4379 415 4444 Corresp.
432 4378 464 4429 de
479 4376 646 4442 Philippcll,
661 4381 680 4431 t.
695 4377 716 4439 1,
733 4392 762 4443 p.
779 4374 827 4427 594
841 4378 867 4427 el
880 4377 935 4429 599.
950 4368 953 4381 '
