2968 5072
225 418 283 482 tat
622 434 661 482 or
683 434 774 483 arara
796 435 944 483 sarman
1024 480 1029 490 ‚

224 577 418 648 clementia
446 577 559 645 socios
591 578 711 649 habuit
743 580 1016 660 Maximilianus‚
1053 574 1194 643 nullum
1228 575 1337 640 autem

223 687 411 754 auctorem.
428 684 518 752 Ante
532 707 655 754 omnes
671 694 704 755 et
720 686 903 755 nonnullis
920 682 1136 778 improbatus
1147 680 1338 748 edictorum

224 791 461 861 laxamentum
485 790 631 883 petierat
658 800 692 863 at
717 795 871 886 primum
898 794 1027 862 trustra
1059 789 1276 857 laboraverat
1304 790 1340 854 ut

223 897 315 968 idem
326 898 391 990 ipsi
404 902 571 990 peterent.

579 1253 613 1323 b.
631 1255 686 1323 An
703 1251 989 1323 Granvellanum?

267 1487 346 1557 Non
366 1486 482 1579 potuit
505 1485 778 1570 Maximilienus‚
804 1492 969 1578 tanquam
994 1484 1246 1567 cardinalium,
1272 1510 1342 1557 non

224 1593 445 1664 Granvellani
461 1593 609 1663 consilia
620 1600 967 1685 assumere,etsupra
980 1592 1133 1662 vidimus
1144 1591 1219 1685 jam
1230 1593 1343 1663 Grau-

223 1701 399 1772 vellanum
427 1724 448 1769 a
476 1701 664 1770 clementia
688 1723 761 1769 non
788 1723 924 1794 semper
945 1700 1178 1784 abhorruisse,
1212 1703 1272 1794 qui
1303 1725 1342 1771 eo

224 1808 342 1878 sanius
357 1808 398 1877 de
417 1806 566 1900 Belgicis
581 1807 685 1877 rebus
698 1808 888 1901 judicabat,
909 1808 1001 1899 quod
1015 1814 1099 1877 tunc
1118 1830 1140 1876 a
1161 1808 1342 1878 discordiis

225 1916 385 1985 civilibus
402 1922 556 1986 semotus
568 1923 651 1985 erat.

273 2024 441 2107 Quotiens
469 2030 585 2093 tanren
620 2022 841 2093 Morillouius
878 2022 977 2092 illam
1010 2022 1243 2092 Maximiliani
1276 2024 1342 2094 cle·

223 2131 393 2202 mantiam
409 2131 502 2224 apud
514 2129 785 2199 Granvellanum
800 2131 913 2222 arguit
925 2134 932 2199 l
946 2129 1043 2200 Nihil
1061 2130 1344 2223 praetermittebat

226 2239 319 2331 quod
334 2238 616 2308 Maximilianum
631 2260 652 2307 a
667 2236 897 2306 Granvellano
913 2236 1093 2307 alienaret.
1109 2237 1211 2320 Quod
1229 2238 1282 2306 illi
1303 2261 1341 2307 eo

224 2346 364 2415 facilius
378 2352 451 2415 arat
462 2345 553 2437 quod
567 2345 721 2414 maxima
736 2350 809 2412 erat
823 2345 913 2413 inter
925 2344 1163 2414 Morillouium
1185 2351 1220 2414 et
1239 2345 1344 2414 Grau·

225 2453 402 2522 vellanum
419 2452 614 2522 litterarum
630 2451 796 2521 crebritas
810 2457 844 2521 et
857 2451 1055 2520 Morillonio
1069 2475 1246 2522 summam
1259 2452 1344 2522 lidu-

227 2561 317 2629 ciam
347 2558 599 2628 Granvellanus
627 2558 788 2628 habebat.
819 2558 975 2650 Singulis
1003 2559 1191 2629 dominicis
1221 2560 1342 2629 diebus

228 2664 457 2735 Granvellano
498 2668 597 2759 quasi
631 2673 706 2735 acta
738 2667 864 2735 diurna
893 2666 1113 2736 Morillouius
1144 2666 1344 2759 perferenda
1462 2724 1463 2745 ,

227 2773 404 2843 curabat:
422 2773 544 2842 multis
573 2774 733 2843 utebatur
759 2774 853 2854 viris,
884 2797 903 2842 a
932 2775 1059 2867 quibus
1084 2773 1159 2866 ipse
1187 2774 1298 2845 multa
1313 2780 1345 2844 at

227 2888 317 2951 certa
336 2881 536 2975 accipiebat.
562 2883 655 2950 Raro
682 2882 719 2950 in
745 2903 897 2951 errorem
924 2880 1088 2950 inductus
1115 2888 1179 2951 est.
1208 2882 1346 2952 Etenim

227 3013 298 3059 non
312 2993 441 3058 temera
457 2988 602 3058 cuilibet
617 2987 721 3058 fidem
731 2989 881 3058 habebat
894 2995 929 3057 et
941 3011 1033 3082 saepe
1051 3011 1135 3082 quas
1159 2990 1204 3059 ob
1227 3012 1345 3059 causas

227 3095 288 3165 alii
302 3118 416 3165 errare
431 3095 632 3165 viderentur
643 3095 855 3165 disserebat.
874 3096 972 3188 Saepe
987 3099 1104 3164 autem
1124 3095 1198 3187 ipse
1219 3119 1344 3188 praeoc·
1461 3090 1462 3095 ’

228 3210 351 3295 cupato
366 3210 426 3274 aut
438 3204 518 3273 odio
533 3214 592 3274 aut
605 3203 790 3272 inimicitia
802 3203 933 3288 animo,
952 3225 1007 3271 res
1019 3225 1117 3271 veras
1132 3203 1182 3271 ita
1198 3204 1345 3273 mumnt
1460 3298 1461 3301 Ἴ

227 3317 266 3381 ut
279 3313 350 3379 fere
365 3312 452 3380 lictae
467 3311 680 3382 viderentur.
697 3310 835 3403 Lingua
848 3311 1023 3404 pessimus
1036 3320 1110 3379 erat
1125 3316 1170 3394 at,
1188 3317 1227 3380 ut
1242 3334 1343 3403 supra

226 3441 318 3512 saepe
346 3417 509 3499 vidimus,
535 3418 728 3510 praesertim
750 3418 787 3486 in
809 3416 1101 3486 Maximilianum.
1120 3417 1222 3499 Quod
1240 3419 1343 3488 Maxi-

227 3525 392 3594 milianus
407 3526 473 3594 sibi
487 3530 704 3595 succenseret
714 3531 748 3593 et
765 3524 857 3594 male
873 3524 915 3594 de
929 3546 964 3594 sa
984 3525 1149 3594 scriberet
1172 3533 1233 3594 aut
1250 3526 1340 3594 dice*
1459 3608 1460 3613 ἵ

227 3636 279 3701 ret
304 3632 534 3724 querebatur;
556 3631 895 3703 italllaximilianum
911 3631 1143 3700 Granvellano
1165 3633 1341 3726 scripsisse
1459 3662 1460 3681 ¹

227 3745 268 3808 ut
279 3761 399 3806 rursus
413 3762 494 3807 cum
508 3739 583 3831 ipso
598 3737 732 3808 bellum
747 3745 990 3830 suscepturum
1004 3760 1077 3807 esse
1097 3737 1200 3806 illum
1221 3740 1342 3832 previa

227 3845 333 3914 deret⁸
348 3865 356 3929 ;
374 3851 406 3914 et
419 3870 490 3914 non
507 3846 555 3915 ita
584 3847 696 3916 multo
724 3852 825 3940 post:
853 3836 1138 3915 Cameracensem
1166 3843 1204 3914 in
1232 3848 1341 3939 ipsum

226 3953 327 4046 pejus
342 3953 533 4021 animatum
546 3977 621 4023 csse
634 3977 739 4047 quam
753 3975 836 4043 cum
852 3952 1017 4038 maxime,
1034 3960 1068 4022 et
1080 3952 1205 4034 dicere,
1222 3954 1342 4023 Moril-

256 4143 280 4194 1.
296 4139 451 4205 eorreepae
466 4138 615 4202 &rouvelle
632 4141 652 4202 Ι,
668 4158 693 4205 p.
709 4139 749 4194 74.

256 4240 281 4292 2.
294 4238 364 4302 ibid,
379 4240 399 4301 1,
412 4238 491 4290 Prot.
507 4238 563 4291 XL.
925 4288 929 4303 ,

254 4337 279 4388 a
294 4336 361 4400 rasa,
374 4336 395 4400 1,
409 4352 435 4402 p.
450 4335 498 4387 aaa
511 4338 537 4395 a
550 4336 608 4388 aar.
620 4361 652 4377 -
662 4320 772 4403 rabam
787 4338 886 4400 aaut
902 4334 971 4402 v111,
982 4348 1010 4404 p.
1024 4334 1142 4393 act-aaa.
