2968 5072
357 367 395 411 us
417 367 514 410 vnmn
536 366 699 413 asuarius
721 367 971 416 pronominum:
1161 351 1230 412 173·

104 509 234 577 omissa
259 514 379 577 tamen
408 508 494 578 adeo
524 511 608 601 quin
638 510 805 596 Albanus,
839 535 975 604 semper
1002 511 1220 604 propositum

102 616 238 706 assequi
252 615 386 696 volens,
403 617 515 683 minas
528 618 719 687 adhiberet.

146 722 330 791 Voluntati
347 722 452 792 Ducis
466 724 567 792 multi
588 747 606 793 e
628 726 836 817 praesulibus
861 748 998 795 summa
1023 725 1059 795 vi
1080 726 1220 795 obstite-

103 834 193 909 rant,
212 831 302 898 inter
321 852 408 921 quos
434 830 675 915 Richardotus,
687 856 791 925 quem
806 834 958 902 maxime
971 832 1081 902 veniae
1096 833 1220 926 proba-

103 943 215 1007 torem
244 960 318 1006 esse
347 937 487 1006 scimus.
519 941 626 1029 Atqui
653 940 802 1032 Viglius,
834 941 963 1009 tributo
994 962 1085 1008 novo
1124 944 1220 1008 cete-

103 1047 230 1136 roquin
254 1045 423 1120 infensus.
440 1045 701 1130 Richardotum‚
724 1048 784 1138 qui
810 1048 841 1116 ei
866 1047 1062 1116 ostenderat
1088 1052 1218 1140 quanto

103 1152 231 1221 damno
271 1151 469 1221 istiusmodi
509 1154 642 1223 exactio
685 1154 942 1245 provinciarum
983 1153 1135 1223 libertati
1180 1177 1219 1222 ac

101 1266 308 1329 mercaturae
332 1262 447 1328 futura
473 1267 573 1343 esset,
605 1260 832 1329 admonuerat
852 1260 1047 1330 timendum
1074 1283 1148 1329 esse
1175 1283 1219 1328 ne

98 1367 183 1435 Dux
195 1366 386 1436 ulciscendi
401 1366 542 1436 libidine
556 1368 738 1459 impulsus,
754 1391 848 1436 nunc
860 1367 1001 1436 inflatus
1016 1368 1171 1436 victoriis
1186 1371 1220 1434 et

101 1475 213 1543 effuso
238 1495 360 1543 cruore
381 1472 493 1543 veluti
516 1474 646 1554 ebrius,
672 1476 844 1567 Hispanos
864 1474 992 1544 milites
1015 1476 1054 1542 in
1076 1474 1219 1543 Atreba-

99 1587 236 1650 tensem
251 1603 375 1671 agrum
391 1579 532 1649 duceret
547 1587 629 1649 etse
644 1604 707 1651 suo
723 1582 770 1650 ibi
787 1605 884 1650 more
900 1588 1044 1672 gereret.
1057 1581 1112 1649 Ad
1127 1582 1219 1673 Hop-

101 1709 227 1779 perum
258 1710 399 1781 quoquc
428 1689 579 1781 scripsit,
614 1688 707 1758 haud
742 1691 883 1780 ignarus
922 1689 1041 1779 quanti
1075 1689 1220 1756 referret

102 1795 230 1863 Albani
253 1795 438 1887 pecuniam
460 1796 680 1866 contrahere:
705 1820 723 1864 c
748 1797 902 1865 Gratiam
924 1795 1057 1864 tamdiu
1077 1817 1220 1886 exspec-

101 1910 212 1971 tatam
233 1902 374 1993 quidam
400 1902 542 1971 allatam
566 1905 733 1972 referunt.
752 1905 885 1973 Verum
905 1926 969 1994 ego
991 1903 1105 1972 adhuc
1129 1900 1218 1969 nihil

102 2009 180 2101 ejus
195 2008 280 2087 vidi,
296 2033 360 2078 nec
376 2033 416 2078 ea
430 2011 518 2078 forte
530 2010 772 2101 publicabitur,
788 2012 856 2078 nisi
867 2011 1057 2102 impetratis
1069 2010 1164 2101 prius
1176 2009 1219 2075 iis
1236 2072 1241 2081 .

102 2139 221 2208 quaea
241 2117 388 2185 statibus
416 2116 592 2210 postulata
612 2125 658 2196 et,
676 2125 715 2187 ut
734 2117 792 2185 alii
811 2118 942 2201 dicunt,
966 2123 1044 2209 post
1070 2138 1219 2186 messem

102 2224 211 2316 spicae
233 2223 333 2293 lectae
346 2225 476 2293 fuerint
490 2228 511 2292 ¹.
530 2249 549 2292 >

145 2331 215 2401 Sed
236 2331 385 2402 Mantua
399 2332 672 2425 Carpetanorum
690 2356 827 2425 semper
841 2333 1075 2400 inclinatiores
1090 2331 1133 2398 ad
1150 2330 1219 2400 cle·

99 2439 272 2509 mentium
287 2439 410 2517 animi;
428 2463 557 2509 munus
572 2463 654 2532 ergo
673 2441 761 2510 Duci
783 2440 937 2509 datuma
960 2440 1064 2529 Rege,
1082 2461 1143 2530 per
1163 2438 1219 2505 lit-

99 2554 194 2616 teras
205 2546 261 2617 dio
274 2549 314 2614 18
327 2548 457 2616 mensis
469 2548 668 2617 novembris
684 2549 769 2618 1569
781 2549 937 2639 scriptas,
946 2544 1220 2637 veniaepromul·

100 2654 242 2746 gandam
261 2653 319 2723 sed
339 2661 468 2745 quanta
483 2660 558 2723 erat
573 2655 708 2723 Albano
722 2653 898 2723 festinatio
918 2655 955 2721 in
977 2652 1216 2744 exsequendis,

101 2762 132 2830 si
149 2760 235 2853 quid
249 2762 405 2853 asperius
418 2762 572 2853 jusserat
596 2763 680 2845 Rex,
699 2761 882 2843 mandatis,
899 2767 996 2829 tanta
1014 2760 1173 2851 segnitia,
1190 2759 1219 2826 si

101 2869 186 2961 quid
201 2868 321 2937 mitius
335 2867 357 2936 ¹.
375 2868 511 2937 Interea
522 2891 605 2938 vero
618 2870 890 2938 manifestiorem
901 2867 1095 2936 tribuenda
1109 2867 1220 2935 veniae

99 2975 320 3045 voluntatem
329 2975 513 3069 Philippus
526 2982 739 3067 susceperat:
754 2976 884 3045 etenim
897 2997 987 3043 auno
1001 2977 1087 3043 1570
1098 2995 1219 3041 rursus

102 3107 268 3175 maguam
281 3084 371 3176 apud
384 3107 464 3154 eum
479 3084 721 3154 auctoritatem
732 3082 882 3153 habebat
893 3082 1083 3152 Rodcricus
1095 3081 1221 3150 Goma-

101 3192 218 3262 siusa
248 3192 342 3262 Silva
362 3192 435 3283 qui,
461 3193 598 3261 Albano
617 3189 890 3274 inimicissimus,
914 3188 1054 3257 nullum
1077 3193 1220 3280 praeter·

101 3299 260 3370 mittebat
274 3297 393 3369 locum
402 3299 509 3368 Ducis
526 3300 725 3392 superbiam
741 3304 775 3368 et
788 3298 970 3381 cavillam,
982 3297 1219 3388 Hispanorum

101 3407 289 3499 imperium
319 3410 356 3476 in
387 3407 507 3498 Belgio
535 3405 813 3487 labefactantem,
841 3402 1082 3498 eituperandi3
1115 3402 1220 3471 simul

101 3513 353 3584 Granvellanus
368 3520 402 3583 et
417 3536 498 3583 cum
515 3513 746 3582 Granvellano
761 3511 924 3581 nonnulli
943 3509 1218 3580 miscricordiam

101 3620 303 3691 suadebant.
319 3622 395 3691 Rex
412 3621 568 3704 demum,
587 3621 724 3689 Annam
742 3619 960 3689 Austriacam
975 3639 1119 3687 uxorem
1135 3639 1219 3688 mox

102 3729 283 3808 ducturus,
302 3729 541 3820 intelligebat·
555 3751 644 3820 opus
657 3749 816 3797 essenon
835 3726 954 3796 omnia
965 3726 1218 3795 Germanorum

101 3837 225 3908 studiis
239 3858 378 3930 negare,
395 3859 461 3906 nec
481 3834 601 3906 decere
620 3835 746 3925 Belgas
759 3834 886 3905 animis
900 3831 1046 3904 omniuo
1064 3836 1218 3902 conster-

130 4027 155 4077 1.
170 4026 296 4087 Hersen,
311 4039 337 4089 p.
352 4024 465 4076 549·550.

128 4115 153 4166 2.
165 4115 277 4167 fleam
292 4128 326 4165 oe
336 4114 521 4175 errrnrrovn
537 4112 585 4178 Op.
596 4114 651 4175 cit,
667 4117 686 4163 t.
701 4112 735 4173 11,
750 4127 776 4177 p.
786 4110 842 4163 229.

128 4213 152 4263 3.
170 4213 220 4264 Tu.
235 4212 328 4274 Josre,
343 4212 376 4262 te
390 4210 571 4264 Scuttccment
588 4211 635 4264 dec
651 4211 785 4276 Papa-Bas
803 4213 894 4263 contre
912 4208 941 4261 lu
954 4207 1120 4260 deminution
1133 4206 1217 4271 arpa-

98 4292 175 4359 nncte
189 4292 361 4358 (twa-fora),
375 4307 401 4357 p.
418 4292 473 4343 202.
