2958 5076
362 503 401 549 oa
421 502 620 550 nunninauo
642 502 815 548 cauunurtu
837 501 972 548 suasore
1168 481 1226 548 123

102 644 289 716 Cameraci
315 645 505 714 conderent
523 646 544 715 ¹.
579 646 677 714 Tunc
705 647 744 714 P.
772 644 996 713 Eleutherius
1031 645 1225 728 Pontanus,

101 751 239 823 lnsulis
262 758 377 831 natus,
401 754 460 846 qui
484 755 607 822 Romae
620 745 659 821 et⁴
679 754 716 820 in
737 751 858 822 Sicilia
880 752 1115 843 grammatice
1134 751 1230 819 rudi-

101 859 234 929 mentis
273 860 493 952 juventutem
534 860 683 928 feliciter
730 860 943 941 excoluerat,
985 859 1021 926 in
1067 858 1229 949 Belgium

101 968 287 1049 remissus,
306 965 483 1036 Cameraci
504 968 616 1058 prima
640 966 779 1059 collegii
802 965 1027 1034 fundamenta
1045 966 1130 1057 jecit
1149 961 1176 1048 '3
1198 965 1230 1033 ei

102 1078 283 1144 sescentos
306 1074 493 1166 quotannis
513 1075 664 1142 florenos
683 1073 945 1144 Maximilianus
960 1072 1057 1142 dedit
1070 1077 1110 1141 ut
1125 1093 1229 1162 auge·

101 1186 203 1251 retur
234 1181 370 1250 familia
401 1188 435 1250 et
468 1183 685 1250 nutrirentur
724 1182 963 1273 professores;
997 1180 1071 1271 qui,
1107 1200 1226 1247 meuse

100 1289 197 1358 maio
211 1290 310 1371 itti,
321 1288 458 1357 scholas
473 1289 653 1357 instituere
668 1292 859 1381 coeperunt,
879 1288 937 1356 ubi
951 1287 1085 1357 litteras
1100 1287 1226 1356 huma·

99 1395 220 1465 niores
236 1397 384 1488 juvenes
399 1396 563 1465 docerent
575 1394 596 1464 ⁸.

148 1503 202 1571 lte
215 1503 305 1571 inter
315 1524 438 1572 omnes
452 1503 489 1570 in
503 1501 623 1596 Belgio
632 1503 813 1572 constabat
822 1499 1227 1570 Maximilianumcontra

82 1611 290 1680 baereticos
312 1610 512 1679 scholarum
531 1612 703 1681 fautorem
722 1632 797 1678 esse
819 1617 857 1677 ut
883 1606 1117 1690 Vendvillius,
1145 1630 1226 1678 cum

102 1718 147 1786 de
180 1716 338 1809 collegiis
373 1722 407 1785 et
441 1718 638 1786 seminariis
671 1715 906 1797 instituendis,
943 1738 1021 1807 quae
1056 1716 1227 1785 laboranti

102 1823 263 1895 ecclesia
274 1823 507 1905 mederentur,
519 1824 684 1893 libellum
696 1824 902 1916 scripsisset,
918 1845 1012 1905 eum,
1024 1824 1228 1919 priusquam

102 1931 225 2025 Viglio
251 1930 416 2017 mitteret,
445 1931 686 2000 Maximiliano
712 1930 884 2010 detulerit,
908 1931 1037 2023 quippe
1064 1932 1168 2024 cujus
1195 1938 1229 2002 et

101 2039 272 2111 virtutem
286 2042 320 2107 et
334 2039 529 2107 doctrinam
544 2039 690 2132 plurimi
705 2041 831 2107 faceret
847 2047 869 2108 ⁴.

149 2148 263 2238 Supra
285 2146 391 2214 etiam
411 2145 564 2215 vidimus
588 2169 695 2237 quam
719 2147 912 2214 orationem
937 2145 1029 2238 apud
1053 2145 1228 2238 synodum

103 2253 394 2325 cameracensem
409 2275 502 2322 anno
523 2257 607 2323 1565
623 2253 884 2324 Maximilianus
899 2253 1077 2322 habuerit:
1094 2277 1113 2320 ‹
1129 2255 1228 2324 Hanc

103 2359 320 2432 unanimiter
345 2360 451 2429 nobis
471 2383 616 2454 scopum
640 2361 872 2454 praefigamus,
894 2367 945 2439 ut,
967 2360 1052 2430 dum
1072 2361 1228 2430 membra

103 2467 277 2560 quedam,
295 2471 413 2536 nostra
428 2477 635 2563 patrumque
655 2473 857 2537 nostrorum
878 2468 1094 2560 negligentia
1108 2467 1229 2562 deper-

103 2576 189 2660 dita,
220 2574 366 2643 forsitan
391 2597 597 2668 recuperare
621 2598 692 2643 non
715 2598 916 2668 possumus,
939 2574 1062 2645 saltem
1088 2598 1229 2667 operam

104 2684 232 2752 demus
247 2705 292 2750 ne
310 2682 443 2750 malum
459 2682 540 2763 hoc,
560 2705 630 2774 quo
647 2684 838 2775 perierunt,
855 2682 960 2751 latius
975 2691 1101 2775 serpat,
1121 2684 1229 2751 immo

104 2790 135 2859 si
157 2789 217 2883 qui
238 2796 299 2860 eut
320 2787 487 2858 vacillant
505 2787 632 2870 adbuc,
647 2796 708 2858 aut
722 2790 866 2859 omnino
881 2791 923 2858 ab
939 2789 1087 2860 ecclesia
1102 2789 1230 2860 disces-

104 2902 239 2976 serunt,
265 2918 338 2965 non
363 2901 480 2964 tamen
504 2896 643 2989 penitus
667 2896 880 2966 insanabiles
898 2904 993 2978 sunt,
1009 2903 1127 2967 nostra
1151 2898 1230 2968 dili-

104 3003 225 3097 gentia
240 3009 273 3073 et
287 3003 379 3073 bono
397 3002 558 3096 exemplo
572 3003 822 3073 confirmentur
836 3009 870 3073 et
884 3003 1096 3073 reducantur
1108 3012 1130 3075 ⁸.
1149 3029 1168 3071 r

150 3111 220 3181 Sed
248 3134 321 3180 non
349 3134 441 3180 unus
470 3111 518 3179 ita
546 3110 823 3181 moderationem
851 3111 888 3179 in
915 3112 1037 3203 Belgio
1069 3108 1229 3180 laudabat

105 3218 369 3290 Maximilianus
394 3241 415 3287 a
436 3218 570 3310 Bergis.
602 3219 654 3287 lta
678 3241 760 3286 cum
787 3219 919 3294 multis.
949 3219 1008 3312 qui
1038 3217 1081 3286 cd
1106 3240 1227 3311 pacem

107 3325 359 3396 restituendam
391 3326 497 3394 armis
528 3325 778 3418 suppliciisque
809 3332 973 3419 praestare
1009 3325 1228 3395 clementiam

107 3433 378 3513 arbitrabantur,
395 3434 469 3524 ipse
485 3432 766 3513 conversabatur,
781 3438 822 3501 ut
843 3456 916 3502 non
933 3439 1057 3501 natura
1076 3438 1226 3510 tantum,

107 3541 168 3611 aad
182 3546 217 3610 et
231 3541 275 3609 ob
291 3540 462 3610 amicitias
475 3538 518 3607 ad
531 3538 807 3612 misericordiam
819 3540 986 3610 inclinare
1001 3541 1118 3611 forsan
1129 3541 1229 3612 vide·

106 3654 218 3720 retur.

139 3851 163 3903 l.
182 3847 222 3898 Lr
235 3845 322 3909 (ianr,
338 3846 509 3898 cameracum
525 3846 718 3909 Christianum,
732 3862 759 3913 p.
771 3847 871 3913 XLIX.

138 3947 162 3998 2.
182 3946 221 3997 br
234 3946 318 4009 Grau,
332 3945 402 3997 ibid.
419 3961 444 4010 p.
459 3945 590 3996 aaa-A.
605 3946 738 4009 Dunreux,
752 3947 786 3997 Le
804 3946 907 4014 Gotttqe
918 3947 951 3998 de
965 3947 1124 4015 Cumtr·ci,p.
1140 3949 1226 4001 31-32.

138 4045 163 4097 3.
181 4048 218 4098 L:
232 4044 318 4108 Gur,
334 4044 505 4096 Camaracum
520 4043 710 4107 Christianum,
725 4061 751 4111 p.
766 4046 823 4099 359.

136 4145 161 4194 4.
180 4144 292 4204 Possoz,
311 4144 357 4193 Vie
372 4144 405 4194 de
423 4142 679 4207 vindocinense.

137 4244 162 4293 5.
180 4243 280 4307 haar,
294 4241 350 4303 xV,
365 4256 392 4306 p.
407 4240 463 4292 565.
