2958 5076
241 426 300 486 102
566 440 710 493 ovouono
731 440 846 487 nuncu
867 440 1040 487 arsurem

287 585 361 652 Hoc
372 586 463 653 maio
475 607 595 653 mense
605 584 984 655 tandemvalentianas
998 586 1262 655 Maximilianus
1273 587 1359 656 iniit.

242 691 368 760 Statim
384 699 501 761 autem
531 715 658 784 magna
682 694 772 760 inter
787 692 887 761 illum
910 700 945 761 et
962 695 1205 786 magistratum
1232 695 1363 763 exstitit

244 800 492 868 controversia.
501 798 613 868 Jussit
622 801 717 867 enim
725 799 1085 884 Maximilianus‚cnm
1100 799 1143 869 ad
1157 802 1362 893 episcopum

243 908 435 1001 pertineret
450 906 491 975 de
507 907 681 974 haereticis
697 930 917 997 cognoscere,
935 907 1002 975 sibi
1020 907 1109 975 tradi
1125 909 1241 976 ciuem
1260 930 1363 1000 quem
1466 910 1467 931 ¹

244 1014 450 1082 haereticum
482 1012 638 1082 haberet.
657 1014 871 1104 Propositus
898 1021 1016 1082 autem
1044 1014 1267 1083 Valencenus
1295 1038 1364 1082 res-

244 1121 366 1213 pondit
395 1122 506 1190 civem
536 1126 672 1189 tantum
717 1127 801 1212 post¹
835 1123 1060 1213 magistratus
1097 1123 1364 1213 inquisitionem

245 1227 437 1297 secundum
454 1228 606 1297 civitatis
629 1224 813 1319 privilegia
842 1228 1009 1320 prehendi
1039 1253 1140 1320 posse
1158 1236 1191 1298 et
1221 1253 1295 1296 rem
1323 1229 1366 1297 ad

246 1343 406 1405 senatum
420 1335 568 1413 rettulit,
587 1335 646 1424 qui
675 1334 914 1403 Maximiliano
943 1337 1097 1404 haretici
1124 1336 1366 1428 prehendendi
1467 1394 1468 1399 ,

246 1449 452 1535 potestatem
468 1443 564 1522 fecit,
583 1441 642 1509 scd
663 1443 737 1510 sine
763 1441 1029 1534 privilegiorum
1055 1444 1209 1512 civitatis
1239 1442 1366 1535 praeju-

242 1551 358 1620 dicio:
390 1555 424 1616 et
453 1547 726 1631 Maximilianus,
758 1573 838 1619 cum
876 1551 960 1619 huic
989 1552 1170 1618 sententia
1205 1574 1367 1619 assensus

247 1662 349 1737 esset,
367 1656 555 1724 Henricum
578 1655 795 1748 Descouchy,
817 1659 943 1726 mercis
973 1659 1182 1740 institorem,
1208 1657 1370 1750 designa·

248 1765 309 1848 vit,
324 1765 384 1854 qui
401 1763 578 1854 episcopo,
604 1770 706 1833 nocte
746 1765 967 1856 sequenti,a
1008 1766 1216 1858 magistratu
1259 1766 1368 1834 tradi·
1468 1820 1469 1843 1

249 1878 305 1939 tus
320 1876 382 1940 est.

293 1979 342 2045 Re
356 1979 464 2070 igitur
479 2000 618 2046 causam
639 1978 801 2048 vincebat
819 1979 1093 2063 Maximilianns3
1112 1983 1171 2072 jus
1193 1988 1312 2048 autem
1335 1980 1371 2046 in

250 2086 356 2154 dubio
371 2084 526 2153 haerebat
540 2092 574 2154 et
589 2087 767 2155 eontentio
783 2087 965 2156 biennium
979 2088 1093 2156 tenuit
1108 2098 1114 2124 ¹
1130 2113 1137 2154 :
1158 2087 1371 2180 temporario

248 2200 386 2262 tantum
401 2191 557 2285 Philippi
572 2194 680 2286 Regis
696 2193 835 2263 decreto
851 2201 1022 2263 transacta
1035 2200 1102 2278 est;
1122 2201 1156 2263 et
1169 2216 1370 2285 quanquam
1469 2210 1470 2269 1

246 2300 290 2369 ad
301 2299 509 2369 catholicam
532 2300 637 2368 fidem
664 2300 852 2394 spectabat,
884 2324 1064 2392 nunquam
1092 2308 1153 2369 aut
1181 2301 1371 2393 arehiepis-

251 2430 359 2500 copus
375 2413 435 2475 aut
449 2409 673 2498 magistratus
689 2413 750 2475 aut
763 2408 917 2500 Philippi
932 2409 1084 2476 ministri
1106 2410 1142 2476 in
1159 2407 1222 2476 illa
1237 2414 1370 2477 contro

249 2516 363 2586 versia
379 2514 535 2582 ecclesiae
550 2514 732 2584 catholicae
748 2516 936 2583 utilitatem
953 2515 1223 2606 praetenderunt.

294 2620 554 2691 Maximilianus
570 2629 699 2705 autem,
730 2623 786 2691 cui
801 2622 1006 2713 Descouchy
1035 2622 1182 2690 traditus
1211 2630 1298 2705 erat,
1328 2622 1368 2691 de

251 2730 319 2800 alio
337 2729 489 2821 quodam
501 2729 580 2820 jure
596 2729 824 2820 quaestionem
840 2730 962 2798 movit.
982 2729 1188 2821 Descouchy
1204 2731 1313 2812 enim,
1334 2731 1369 2798 in
1470 2786 1471 2789 ,

252 2838 493 2909 Cameracensi
508 2858 644 2905 carcere
659 2843 760 2905 antea
776 2837 945 2916 inclusus,
964 2859 1057 2914 cum,
1069 2837 1235 2905 haeretico
1256 2860 1372 2906 errore

254 2945 425 3039 deposito,
442 2945 479 3011 in
493 2951 657 3037 perpetua
685 2944 826 3012 vincula
846 2943 1029 3012 damnatus
1050 2953 1149 3022 esset,
1167 2966 1185 3011 e
1216 2945 1374 3013 custodia

255 3057 422 3124 evaserat.
467 3051 654 3121 Contendit
695 3052 804 3144 igitur
837 3053 1118 3144 archiepiscopus
1148 3075 1184 3119 se
1214 3075 1296 3119 eum
1339 3053 1375 3120 in

257 3164 539 3232 Cameracensem
559 3182 730 3227 carcerem
759 3158 914 3250 redigere
943 3181 1056 3250 posse,
1088 3181 1167 3226 cum
1196 3158 1239 3228 de
1268 3159 1376 3228 eccle·

257 3270 397 3338 siastico
413 3267 559 3336 crimine
575 3272 752 3357 ageretur3
773 3272 926 3334 attamen
947 3288 1018 3333 non
1040 3267 1212 3334 recusavit
1234 3267 1320 3358 quin
1339 3268 1377 3334 in

256 3376 480 3467 magistratus
492 3373 665 3465 judicium
681 3372 922 3457 adduceretur,
941 3374 1016 3441 sine
1033 3395 1105 3440 suae
1120 3373 1377 3465 jurisdictionis

257 3482 462 3574 praejudicio
477 3484 499 3546 ¹.
517 3480 664 3549 Senatus
685 3487 802 3548 autem
817 3479 1036 3550 Valencenus
1052 3479 1241 3550 declaravit
1269 3483 1377 3550 Maxi-

257 3584 444 3657 milianum
460 3594 579 3657 contra
595 3588 746 3657 civitatis
767 3586 951 3679 privilegia
962 3586 1022 3677 jus
1045 3610 1147 3654 suum
1172 3589 1275 3667 ferre,
1299 3612 1377 3657 cum

258 3696 301 3765 ad
320 3694 556 3766 Valencenum
571 3696 814 3787 magistratum
831 3701 968 3763 tantum
989 3717 1068 3762 cum
1098 3695 1204 3787 Regis
1233 3697 1379 3789 inquisi-

258 3804 394 3873 toribus
410 3803 451 3873 de
468 3802 675 3871 criminibus
691 3803 867 3870 haereticis
882 3824 1091 3894 cognoscere
1107 3824 1215 3897 eaque
1220 3804 1379 3895 judicare

260 3913 448 4006 pertineret
464 3911 535 4002 (die
550 3914 569 3980 3
586 3918 620 3979 et
634 3913 653 3978 d
669 3911 800 3979 mensis
823 3910 929 4001 junii)
946 3910 967 3978 ³.
993 3907 1068 3990 Quo
1084 3909 1203 3977 audito
1220 3911 1241 3995 ⁴,
1273 3911 1380 3981 Maxi·

291 4066 315 4116 1.
327 4064 473 4123 Permane,
485 4061 534 4124 op.
548 4063 603 4124 cit,
614 4062 635 4124 1,
647 4078 672 4127 p.
683 4061 801 4114 347-352.

291 4164 316 4214 2.
331 4161 409 4224 reid..
422 4176 448 4225 p.
464 4160 584 4215 353—355.

293 4263 320 4313 3.
337 4260 414 4320 ltin,
427 4273 454 4323 p.
469 4258 589 4312 354359.

293 4361 317 4411 4.
332 4356 409 4419 reid„
422 4371 449 4421 p.
463 4355 521 4410 ³60.
