2968 5072
334 416 372 461 ns
393 414 592 462 sexuumve
614 415 788 463 carusium
809 415 941 463 suescas
1136 403 1194 464 145

77 569 154 633 tum
168 558 398 630 obtinendum
411 558 587 651 pollicitus
603 565 703 643 esset,
727 567 760 628 et
779 559 968 630 addidisset
986 566 1058 631 no'n
1077 562 1197 634 decere

78 669 306 762 Egmontium
320 666 507 759 proficisci,
527 667 640 735 virum
655 665 777 755 Belgio
792 667 1032 750 utilissimum,
1050 671 1155 762 quod,
1169 671 1198 741 si

80 776 166 871 quid
184 775 216 844 ei
232 773 424 855 accidisset,
446 795 549 842 nemo
572 774 609 840 in
628 773 704 864 ejus
723 773 842 842 locum
862 775 1047 844 succedere
1068 783 1197 869 posset,

81 908 143 978 per
158 881 351 951 ludibrium
367 880 626 950 Cameracensis
643 880 820 972 respondit
832 880 1036 951 adfuturum
1050 884 1200 975 Egmon·

81 993 173 1061 tium
186 990 349 1059 alterum.
376 991 472 1056 Tunc
487 985 719 1056 Brederodius
735 987 783 1055 ita
808 989 1044 1058 stomachatus
1073 996 1124 1060 est
1148 997 1204 1078 ut,

83 1100 258 1191 impotens
280 1096 401 1178 animi,
438 1093 561 1186 gallice
604 1100 638 1162 et
675 1117 756 1161 cum
783 1094 1009 1187 blasphemiis
1036 1099 1205 1167 exclama·

85 1206 176 1275 verit
189 1225 198 1273 :
212 1229 231 1271 a
247 1203 426 1272 Commeat
438 1199 553 1269 lant-il
569 1223 636 1291 que
651 1223 740 1269 nous
749 1204 972 1294 supportions
988 1203 1030 1272 de
1044 1204 1205 1296 pareillos

86 1313 210 1382 choses
228 1310 270 1379 do
286 1332 323 1378 ce
338 1312 476 1401 preire?
495 1331 514 1374 a
531 1307 798 1397 Culemhurgius
814 1310 931 1378 statim
946 1311 1205 1381 Maximiliano:

86 1420 216 1489 Verius
231 1416 273 1485 dc
288 1438 329 1485 eo
344 1415 438 1482 istud
454 1413 640 1483 dicendum
658 1437 666 1483 ε
693 1436 786 1499 nam,
802 1438 842 1484 eo
866 1421 1017 1496 mortuo,
1046 1418 1208 1486 facillime

88 1526 298 1620 quingentos
308 1522 457 1591 inveniri
467 1543 568 1614 posse
582 1522 613 1589 ei
628 1544 739 1613 pares,
748 1522 808 1614 qui
825 1523 954 1592 insede
969 1524 1210 1594 Cameracensi

89 1636 121 1702 ei
157 1631 393 1702 succederent.
428 1629 577 1722 Lopesio
602 1629 724 1697 eodem
759 1633 911 1714 auctore,
951 1632 1211 1702 Maximilianus

90 1741 196 1810 etiam
211 1737 422 1807 Brederodio
442 1736 652 1827 propinavit,
679 1741 719 1804 ut
741 1735 1001 1806 altercationem
1020 1739 1208 1825 incideret3

91 1848 150 1917 scd
166 1845 403 1916 Brederodius
429 1842 562 1935 respuit
577 1849 610 1910 et
624 1842 864 1912 Maximiliano
879 1846 1022 1914 instanti
1044 1848 1090 1914 iu'
1109 1854 1213 1940 caput

90 1956 221 2048 pelvim
247 1953 382 2044 injecit,
413 1952 475 2019 His
503 1949 738 2019 autemfidem
753 1950 882 2019 habero
910 1976 981 2022 non
1009 1954 1101 2037 licat,
1131 1977 1212 2024 cum

90 2063 261 2156 Lopesius
290 2065 426 2127 tantum
455 2081 475 2125 a
500 2057 746 2149 Culemhurgio
778 2065 916 2151 accepta
941 2061 1080 2144 referat,
1109 2085 1214 2155 quem

89 2167 331 2240 Maximilianc
370 2166 537 2234 infestum
579 2164 732 2233 vidimus
761 2188 769 2234 :
801 2165 971 2258 Lopesius
1006 2169 1078 2260 ipse
1119 2175 1216 2238 notat

89 2275 380 2366 Culemburgium
407 2272 575 2363 quaedam,
605 2276 744 2364 propter
773 2270 1039 2359 Brederodium‚
1075 2281 1217 2368 praeter·

88 2384 229 2455 misisse
242 2392 288 2463 et,
305 2382 341 2448 in
365 2378 490 2448 litteris
506 2378 561 2447 die
574 2381 617 2446 al
632 2379 763 2448 mensis
777 2381 893 2448 martii
904 2382 1054 2474 scriptis,
1084 2383 1217 2454 Hochs-

91 2497 270 2561 tratanum
283 2510 364 2555 vere
379 2487 519 2580 injuriae
536 2489 714 2554 auctorem
728 2486 836 2555 luisse
851 2487 947 2558 dicit.

137 2597 241 2666 lllius
265 2595 404 2687 injuriae
420 2599 460 2661 ut
481 2594 611 2661 famam
626 2595 871 2685 comprimeret
886 2596 1094 2687 Egmontius
1121 2599 1217 2668 omni

91 2730 159 2801 ope
174 2705 273 2775 nisus
289 2709 351 2771 est.
369 2703 513 2770 Postero
527 2699 582 2768 die
595 2700 691 2769 solus
708 2723 788 2769 cum
802 2702 1061 2797 archiepiscopo
1082 2710 1218 2777 cenavit

91 2835 247 2905 eumque
261 2811 381 2880 sedare
395 2808 526 2891 voluit3
543 2829 685 2898 vespere
701 2807 933 2878 Brederodius
948 2812 1021 2903 ipse
1045 2815 1217 2907 ceterique

93 2942 179 2990 cum
220 2910 342 2986 eodem
375 2918 598 2983 cenaverunt.
640 2913 729 2982 Ante
769 2937 904 2994 cenam,
943 2917 1215 3002 Cameracensis,

92 3027 318 3119 Egmontius,
337 3022 622 3101 Hochstratanus,
636 3018 906 3113 Culemburgius
916 3024 1218 3120 Brederodiusque

94 3134 132 3204 in
149 3130 314 3202 conclave
329 3129 504 3198 seclusum
520 3129 655 3203 ierunt;
673 3128 810 3196 circiter
822 3152 930 3198 unam
944 3132 1066 3201 horam
1081 3132 1123 3202 do
1142 3156 1218 3225 gra·

92 3242 155 3311 tiae
167 3236 451 3309 reconciliatione
465 3234 642 3316 collocuti,
657 3243 886 3313 cenaverunt:
904 3238 990 3330 'post
1009 3242 1219 3311 semihoram

93 3373 116 3419 a
130 3368 254 3416 mensa
268 3346 494 3414 surrexerunt
513 3346 547 3410 et
563 3341 803 3435 unusquisque
823 3343 968 3414 domum
986 3369 1086 3416 suem
1106 3370 1219 3419 rever·

90 3478 154 3525 sus
169 3459 244 3523 est.

145 3564 196 3630 Ea
217 3558 372 3653 prolecto
397 3555 600 3625 condicione
619 3555 819 3647 ingratiam
841 3560 1054 3630 reconciliati
1073 3575 1165 3649 sunt,
1181 3572 1220 3634 ut

94 3666 360 3740 Maximilianus
392 3668 530 3731 taceret.
567 3662 765 3732 Morillonio
802 3687 928 3756 praeses
963 3669 1220 3742 Mechliniensis

94 3771 467 3865 (lohannesaBergis)
478 3771 615 3861 scripsit
627 3771 732 3839 verba
742 3773 1088 3866 tantumimportuna
1097 3780 1216 3860 luisse,

92 3883 139 3953 de
157 3880 283 3974 quibus
299 3901 335 3947 se
356 3875 399 3944 ad
421 3877 639 3968 Margaritam
660 3876 892 3949 Brederodius
920 3887 1112 3968 recusavit3
1143 3909 1220 3979 quae

96 3987 280 4083 respondit
291 3984 400 4055 laetari
413 4006 449 4053 sc
462 3982 554 4075 quod
569 3984 673 4054 verba
687 3990 824 4056 tantum
835 3988 995 4075 fuissent,
1017 3994 1077 4064 sed
1094 3993 1220 4066 melius

93 4096 205 4167 luisse
219 4092 309 4163 nihil
324 4090 416 4161 dici'.

127 4247 152 4300 r.
170 4246 283 4313 rupen
297 4233 402 4308 asar,
413 4242 484 4305 vm,
497 4257 523 4307 p.
538 4241 594 4294 aas.

124 4337 151 4389 ἰ.
168 4330 446 4399 leid.,vlfl,p.c'12.
