2958 5076
457 455 575 502 rrmuus
597 454 710 502 eitun
732 457 943 503 cusrooraums
1216 440 1253 503 at

130 601 368 670 moliebantur
382 600 482 692 eique
495 623 597 669 snum
619 601 898 670 Cameracesium
913 601 1217 671 commendaverat
1231 601 1253 670 ¹.

132 707 234 776 Idem
248 707 336 789 aliis,
354 707 515 797 aquibus
531 729 633 800 opem
654 708 826 799 sperabat,
851 713 935 776 tunc
959 709 1112 802 scripsit:
1137 731 1257 778 mense

131 818 282 906 augusto
305 813 502 883 Morillonio
526 814 702 882 nuntiavit
732 813 924 883 Condacum
944 838 1018 883 esse
1037 817 1155 885 Traeis
1178 838 1259 884 oum

130 928 210 990 octo
229 921 387 989 millibus
411 921 567 989 militnm
592 928 625 989 et
648 944 683 989 se
706 944 787 989 cum
808 921 961 1014 Orongio
976 922 1011 989 in
1037 923 1261 1014 Lotharingia

129 1027 343 1120 conjungere
373 1028 474 1097 velle.
505 1027 724 1096 Morillonius
763 1033 879 1096 antem
909 1029 1154 1098 Maximiliano
1186 1053 1259 1099 nou

133 1135 296 1219 credidit,
313 1135 404 1226 quod
420 1139 454 1204 et
466 1134 591 1203 litteras
614 1135 684 1203 illae
704 1161 723 1203 a
749 1136 988 1205 Maximiliauo
1008 1137 1145 1229 scriptae
1163 1145 1259 1205 erant

132 1247 166 1312 et
185 1265 261 1311 rem
281 1265 352 1311 non
370 1242 412 1311 ab
438 1242 518 1311 aliis
542 1243 699 1311 audierat
713 1244 734 1309 ².
759 1242 870 1325 Quam
893 1249 1011 1312 tamen
1034 1267 1107 1312 non
1120 1245 1255 1328 falsam,

131 1359 212 1443 post
239 1350 325 1418 alias
346 1349 576 1418 Maximiliani
595 1349 740 1432 litteras,
771 1348 993 1419 Morillonius
1016 1351 1172 1443 agnovit,
1198 1354 1258 1444 qui

134 1455 364 1526 Granvellano
379 1456 453 1548 ipse
472 1457 611 1548 scripsit
637 1457 834 1548 hugonotos
860 1481 903 1527 ex
930 1456 1067 1550 oppidis
1089 1460 1207 1551 egredi
1226 1466 1260 1528 et

132 1564 269 1656 equites
290 1562 388 1631 mille
412 1564 622 1655 quingentos
642 1564 678 1631 in
694 1588 734 1631 eo
750 1585 824 1631 esse
840 1572 879 1631 ut
899 1566 1050 1656 Orongin
1070 1588 1172 1658 opem
1187 1568 1260 1634 fer-

133 1677 212 1739 rent
225 1671 247 1738 ³.

180 1778 485 1861 Quemadmodum
501 1782 618 1849 autent
639 1778 901 1848 Maximilianus
917 1780 1060 1847 timebat
1084 1803 1128 1848 ne
1153 1780 1259 1850 Oran-

136 1886 1260 1979 gins,calvinianihugonotiqueGalliainterseconjungerent,ita

134 1993 292 2061 Albanus
309 1992 429 2061 Galliae
445 2016 563 2086 regern
580 1993 721 2083 Orangii
745 1994 872 2061 milites
889 1994 1161 2086 interceptarum
1183 2017 1257 2063 esse

135 2101 297 2192 sperabat
312 2106 346 2169 et
361 2100 415 2168 die
430 2104 449 2169 b
464 2101 597 2168 mensis
610 2100 817 2169 Novembris
833 2102 972 2192 scripsit
991 2124 1034 2168 ne
1051 2124 1162 2169 unum
1184 2101 1259 2192 qui·

136 2206 217 2275 dem
233 2231 276 2277 ex
290 2206 370 2286 illis,
389 2206 514 2277 Carolo
530 2206 730 2298 adjuvante,
755 2231 790 2276 se
814 2213 1014 2300 erepturum
1038 2231 1124 2276 esse.
1149 2209 1259 2278 Caro-

136 2314 192 2383 lus
216 2320 333 2383 autem
356 2337 480 2406 parum
509 2313 654 2405 adjuvit.
689 2316 816 2383 Arturo
847 2315 983 2383 Cossaeo
1014 2315 1190 2382 inundavit
1219 2324 1258 2384 ut

134 2421 329 2512 Oronginm
344 2421 545 2514 prohiberet
560 2427 593 2489 et
613 2421 693 2489 duci
716 2422 814 2489 Alba
838 2421 937 2491 Mala
952 2428 991 2489 ut
1012 2422 1146 2490 Albano
1161 2423 1242 2490 auxi

134 2529 296 2596 liaretur.
314 2528 471 2611 Quorum
486 2551 578 2597 unus
593 2528 664 2596 dux
688 2529 785 2596 Albe
800 2529 897 2597 Mala
920 2527 1136 2619 diligentiam
1158 2529 1257 2596 adhi-

137 2635 212 2703 buit
226 2640 260 2702 et
275 2633 415 2703 Octobri
431 2635 574 2703 ineunte
592 2635 712 2704 Galliae
729 2636 925 2727 bugonotos
945 2641 978 2704 at
992 2634 1105 2727 Belgii
1120 2635 1256 2704 exsules

135 2742 228 2810 circa
244 2741 524 2810 Cameracesium
547 2752 771 2834 congregatos
796 2742 977 2835 dissipavit
991 2749 1013 2811 ⁴.
1037 2744 1200 2811 Attamen
1224 2749 1258 2811 et

134 2849 171 2916 in
192 2848 432 2918 Cameraoesio
461 2849 512 2916 illi
542 2848 679 2918 exsules
707 2849 923 2918 Bochanium
952 2872 1153 2942 oppugnare
1181 2850 1256 2917 ausi

134 2961 228 3033 sunt,
253 2954 312 3024 sed
339 2957 483 3031 frustra;
515 2963 671 3026 extremo
700 2979 820 3025 mense
849 2957 1049 3049 septembri,
1081 2978 1141 3024 eos
1169 2956 1256 3026 velle

135 3061 286 3131 Castello
301 3062 405 3154 potiri
420 3063 597 3133 neminem
612 3063 765 3144 fallebat,
783 3069 816 3132 et
832 3063 887 3132 die
903 3068 922 3134 3
946 3063 1076 3131 mensis
1097 3061 1256 3131 Octobris

136 3167 368 3238 Granuellano
383 3169 600 3239 Morillonius
617 3171 755 3262 scripsit
768 3170 1006 3238 Maximiliano
1021 3168 1151 3237 ibiesso
1162 3175 1255 3236 octo-

135 3276 230 3367 ginta
246 3274 373 3345 milites
389 3281 422 3345 et
437 3276 705 3370 quadringentos
721 3277 852 3369 colligi,
869 3276 996 3371 quibus
1009 3276 1256 3368 oppidumser·

135 3405 215 3451 vare
236 3405 308 3451 non
329 3382 430 3451 lacile
451 3384 610 3452 futurum
639 3384 758 3452 esset‘.
790 3383 963 3473 Orongins
985 3383 1068 3474 ipse,
1093 3389 1254 3474 utsupra

135 3489 301 3568 diximus,
320 3512 400 3558 oum
416 3490 452 3557 in
468 3490 746 3560 Cameracesium
761 3490 866 3573 venit,
886 3489 1073 3559 Castellum
1087 3511 1254 3580 occuparo

135 3595 263 3672 voluit:
281 3596 340 3665 sed
355 3596 523 3687 oppidum
540 3597 751 3667 deditionem
766 3598 879 3666 facere
894 3601 946 3665 ter
965 3598 1091 3665 frustra
1101 3597 1207 3689 jussit
1221 3601 1255 3665 ct

136 3703 345 3772 castellanus
361 3705 516 3772 Wortius
531 3727 613 3774 cum
637 3704 807 3772 militibus
830 3703 1050 3798 paucissimis
1072 3709 1106 3773 et
1121 3703 1255 3772 civibus

137 3811 182 3878 ita
196 3809 325 3880 restitit
340 3818 377 3879 nt
398 3809 641 3904 quadringenti
665 3811 794 3879 milites
818 3816 897 3879 anta
920 3809 1064 3902 Orongii
1078 3809 1196 3879 oculos
1219 3811 1255 3877 in

167 3972 190 4023 1.
209 3970 319 4036 Pupius
333 3961 428 4023 d’lltut
438 3975 464 4022 et
476 3972 509 4024 de
524 3970 685 4033 l'Audteuce,
700 3985 726 4036 p.
736 3971 777 4022 55.

168 4067 194 4120 2.
211 4069 334 4135 corrup.
349 4071 382 4121 de
395 4069 544 4133 61111υεί11,
560 4068 602 4133 111,
616 4084 641 4134 p.
656 4070 712 4121 ³42.

166 4166 191 4218 3.
208 4166 286 4230 llud,
299 4182 325 4233 p.
339 4168 395 4220 345.

166 4267 190 4316 4.
207 4265 285 4327 totu,
300 4282 325 4331 p.
340 4266 396 4318 379.

172 4365 196 4415 5.
214 4363 291 4427 told,
306 4380 332 4429 p.
350 4365 405 4417 372.
