2958 5076
421 425 537 471 meran
559 424 721 471 cannarum
743 425 878 470 rnrucna
1170 409 1208 467 53

93 582 167 640 tam
182 571 290 651 venit,
308 570 567 639 Maximilianus
582 570 615 636 ΙΙ
642 569 793 637 ostendit
808 592 912 660 quam
927 571 1022 661 pacis
1035 570 1213 638 studiosus

94 688 198 762 esset,
218 679 357 769 utrique
371 678 460 768 parti
476 677 631 769 vicissim
652 698 787 744 morem
806 677 979 766 gerendo:
1005 683 1038 744 et
1061 675 1215 744 luthera·

94 786 164 865 nis,
180 807 327 879 pompas
344 784 530 852 catholicas
544 783 618 851 fieri
639 783 799 861 vetando,
816 789 849 851 et
864 785 1055 866 catholicis,
1074 784 1117 852 ad
1133 785 1213 851 mis·

96 917 173 962 sam
189 893 305 962 eundo
318 899 340 961 ¹.
357 893 567 982 Quanquam
593 891 733 959 comitia
759 891 928 981 petierant
946 897 985 959 ut
1001 891 1154 959 simulet
1176 890 1217 958 de

98 1000 240 1070 tributis
256 1006 290 1069 et
305 1000 346 1068 de
359 999 528 1090 religione
543 1004 714 1088 ageretur,
734 1000 979 1065 controversiae
992 999 1081 1067 inter
1095 998 1219 1066 Catho-

98 1107 449 1177 licosetlutheranos
469 1105 670 1197 postpositae
695 1111 788 1172 sunt.
816 1105 893 1173 Non
917 1128 997 1173 sane
1022 1106 1220 1174 lutherano-

100 1237 182 1285 rum
199 1215 367 1282 intererat
380 1213 631 1282 controversias
646 1211 722 1279 illas
743 1212 781 1279 in
801 1213 955 1280 medium
980 1235 1114 1290 vocare,
1140 1235 1221 1281 cum

102 1324 170 1415 ipsi
190 1323 280 1390 inter
305 1344 340 1389 se
371 1319 594 1397 dissiderent3
626 1331 658 1386 et
671 1319 864 1411 imperator
888 1321 1028 1389 comitia
1057 1342 1224 1389 convoca·

101 1436 202 1498 verat
216 1435 255 1497 ut
270 1438 379 1495 sectas
407 1450 484 1517 quae
508 1426 713 1516 religionem
740 1427 965 1495 christianam
989 1426 1224 1496 distrahebant

102 1540 292 1628 frangeret.
306 1534 505 1602 Ludovicus
521 1533 704 1602 Zwendius
727 1540 810 1601 tunc
825 1533 865 1602 ad
882 1534 1074 1627 Orongium
1099 1535 1223 1602 merito

103 1644 246 1735 scripsit
262 1663 387 1734 parum
402 1641 543 1709 comitia
566 1640 608 1709 de
631 1641 800 1730 religione
827 1648 944 1710 actura
968 1665 1041 1710 esse
1065 1642 1175 1712 videri
1193 1648 1226 1710 et

104 1773 181 1819 rem
206 1750 243 1817 in
273 1750 406 1840 integro
433 1749 505 1816 fore
532 1749 623 1816 sicut
645 1753 746 1816 antea
775 1804 781 1816 .
817 1749 1010 1840 Imperator
1038 1751 1131 1817 enim
1160 1751 1225 1817 hoc

104 1859 285 1927 decretum
300 1855 403 1923 tecit:
421 1854 583 1924 Liberam
596 1855 813 1947 religionem,
831 1856 886 1924 cui
900 1858 1015 1948 major
1028 1858 1226 1948 principum

104 1988 185 2059 pars
198 1964 452 2039 adversaretur,
472 1961 697 2030 differendam
712 1986 785 2031 esse
799 1987 909 2056 usque
922 1986 962 2030 eo
978 1963 1090 2031 donec
1105 1986 1225 2030 rursus

105 2072 147 2141 de
161 2094 198 2140 re
212 2070 334 2139 eadem
346 2068 521 2160 agendum
537 2092 610 2138 esse
625 2070 811 2138 videretur.
838 2090 841 2095 ·

148 2177 411 2248 Maximilianus
426 2176 458 2243 ll
474 2199 545 2244 non
560 2183 694 2268 poterat
710 2201 781 2245 non
802 2178 970 2246 inservire
995 2179 1083 2268 parti
1106 2178 1224 2245 catho-

106 2288 196 2365 licae,
212 2309 290 2378 quae
304 2306 344 2353 eo
359 2284 471 2375 magis
488 2289 563 2351 tum
571 2283 724 2375 pollebat
740 2285 833 2374 quod
849 2307 993 2353 concors
1011 2291 1102 2364 erat;
1118 2285 1225 2353 haere-

106 2396 166 2464 tici
181 2400 299 2462 autem
314 2392 403 2459 inter
418 2414 453 2459 se
469 2389 691 2460 dissidebant.
711 2391 879 2460 Catholici
893 2391 997 2470 enim,
1014 2391 1125 2483 legato
1141 2415 1226 2483 pou-

106 2502 207 2570 tilicis
235 2497 494 2569 Commendone
524 2497 623 2575 dirce,
664 2500 842 2590 conjuncti
883 2506 978 2567 erant
1017 2505 1051 2567 et
1090 2499 1126 2565 in
1154 2498 1223 2567 illis

105 2608 321 2701 Augustanis
332 2605 480 2674 comitiis
495 2606 648 2695 primum
661 2604 823 2673 catholici
834 2607 1007 2699 principes
1022 2630 1092 2674 una
1108 2614 1223 2674 mente

104 2716 319 2807 feliciterque
332 2711 505 2781 haereticis
534 2712 760 2780 obstiterunt:
790 2713 974 2781 audierunt
998 2714 1090 2779 enim
1103 2712 1223 2779 Ponti·

102 2826 176 2893 licis
189 2822 416 2902 hortationes,
431 2842 515 2910 quas
531 2819 600 2886 illis
609 2819 985 2901 Commendotradidit,
997 2826 1029 2888 et
1041 2821 1077 2887 in
1088 2821 1238 2911 privato·

102 2937 196 3001 coetu
211 2927 414 2998 Tridentina
427 2926 564 2994 decreta
579 2932 785 3018 acceperunt
797 2931 818 2994 ³.

146 3039 186 3106 In
201 3035 271 3105 illis
287 3033 437 3103 comitiis
452 3033 510 3101 alii
537 3033 785 3125 archiepiscopi
802 3034 1040 3102 Maximiliano
1058 3059 1077 3102 a
1098 3035 1220 3123 Bergis

103 3145 340 3238 praestiterunt
353 3147 386 3210 et
400 3142 627 3229 Moguntinus
653 3138 794 3209 nomine
814 3141 1066 3209 catholicorum
1093 3164 1221 3230 praesu·

101 3253 174 3321 lum
187 3251 294 3319 verba
309 3249 391 3318 fecit
402 3252 423 3316 ⁴.
447 3247 525 3315 Non
548 3246 601 3314 illi
619 3248 747 3339 pietate
776 3249 1016 3316 Cameracensi
1033 3247 1219 3338 archiepis·

100 3383 185 3452 copo
198 3356 468 3435 antecellebant;
486 3354 596 3422 immo
618 3354 707 3422 inter
723 3354 889 3423 electores
914 3356 1103 3424 catholicos
1125 3379 1217 3424 unus

99 3473 171 3535 erat
198 3465 259 3558 qui
291 3461 445 3531 ecclesiae
471 3463 636 3529 Romana
665 3484 784 3553 parum
814 3462 997 3530 adstrictus
1022 3462 1214 3532 videbatur.

100 3577 189 3642 :lule
203 3574 409 3661 Augustana
422 3570 575 3651 comitia,
593 3569 831 3650 Polweilerus,
848 3570 900 3637 vir
911 3569 1213 3649 catholicissimus,

103 3677 335 3750 Granvellano
349 3677 533 3764 scripserat
549 3698 659 3743 unum
680 3699 721 3743 ex
737 3675 980 3743 ecclesiasticis
1000 3678 1217 3767 septemviris

101 3812 135 3856 se
157 3788 397 3880 professurum
424 3805 497 3850 esse
530 3782 754 3851 lutheranum
789 3784 824 3850 in
854 3784 1021 3874 proximis
1050 3784 1212 3865 comitiis,

131 3975 153 4026 l.
167 3976 294 4034 Pnerau,
310 3973 358 4036 Op.
374 3973 419 4022 cit.
437 3972 491 4033 vll,
507 3987 532 4035 p.
546 3970 604 4022 471.

127 4074 150 4123 2.
165 4073 258 4123 Gneus
270 4083 327 4122 vsu
343 4073 521 4131 Parusraarn,
541 4069 588 4133 Op.
603 4068 651 4119 cit.
669 4069 700 4131 Il,
719 4071 743 4120 h.
754 4069 842 4120 ΊἹ-Ἰῧ.

125 4174 148 4223 3.
161 4173 267 4229 Rasum
284 4170 398 4219 llicloire
416 4168 448 4218 dc
466 4168 493 4218 la
513 4170 635 4232 Pupaute‘
648 4170 765 4232 pendunt
779 4168 822 4233 ‘les
839 4178 894 4218 κνιο
909 4170 939 4219 et
954 4178 1017 4218 xvn‘
1029 4170 1121 4220 sitalco
1138 4172 1212 4230 (trad.

99 4256 129 4304 de
143 4254 173 4304 S.
192 4251 315 4313 Cher-on),
332 4249 363 4309 ll,
376 4264 404 4312 p.
423 4248 480 4299 167.

126 4354 150 4401 4.
163 4354 307 4408 Gnarum,
324 4349 358 4398 tc
376 4348 421 4397 Vie
435 4347 471 4395 du
482 4346 605 4397 cardinal
616 4347 789 4397 Commendare
800 4350 874 4411 (trad.
889 4348 1016 4413 Flechier)
1029 4363 1054 4411 p.
1066 4348 1180 4399 369-380.
