2988 5078
362 423 402 468 aa
423 419 631 468 causarer-:sm
653 421 854 474 ucccssmoou
875 421 1080 468 causaacensr
1258 412 1279 470 5

158 569 291 649 minor;
321 565 380 634 sed
408 570 503 634 extra
529 565 809 635 Cameraeesium
831 565 992 659 episeopo
1021 568 1163 639 obnoxii
1183 576 1280 639 erant

161 676 348 746 decanatus
360 675 516 766 Hasprae,
540 671 840 757 Valentianarum,
864 675 1075 752 Avenarum.
1100 675 1278 757 Malbodii,

161 782 290 875 Bagaci
305 781 527 861 Nerviorum,
547 779 665 861 Bintii,
702 781 886 867 Montium,
913 783 1054 868 Cerviae,
1087 786 1279 870 Hallarum,

162 891 327 970 Lessinae,
364 889 482 958 Sancti
514 887 624 956 Brixii
657 888 941 982 Bellomansique
971 914 1050 983 pars
1084 894 1208 984 major.
1241 895 1282 965 Iu

164 996 413 1078 Cameraoesio‚
433 1019 473 1064 eo
486 997 658 1088 majorem
672 997 912 1066 auctoritatem
923 999 1104 1091 episcopus
1118 1001 1279 1085 habehat,

164 1105 257 1197 quod
272 1106 456 1196 episcopus
469 1102 630 1196 idemque
645 1127 761 1173 comes
777 1111 861 1173 erat.
883 1106 950 1174 Sed
965 1112 1060 1175 extra
1084 1108 1283 1178 Camerace-

164 1213 267 1297 sium,
284 1211 544 1303 provinciarum
565 1211 784 1304 Belgicarnm
810 1212 992 1305 episcopus
1013 1223 1098 1299 erat,
1116 1221 1149 1284 et
1163 1216 1200 1283 in
1224 1216 1284 1284 illa

165 1321 299 1411 majore
315 1342 386 1388 sua
401 1318 559 1388 dioecesis
573 1324 669 1411 parte
701 1319 945 1388 ecclesiasticis
968 1328 1103 1390 tantum
1124 1324 1285 1392 muneri-

166 1426 231 1495 bus
243 1427 465 1518 fungebatur.
490 1426 720 1495 Gubernatori
740 1428 892 1495 universi
911 1428 1023 1520 Belgii
1038 1428 1207 1499 obnoxius
1221 1437 1282 1511 est,

165 1536 267 1625 cujus
280 1533 382 1625 quasi
398 1533 560 1602 minister
574 1534 735 1602 mandata
752 1534 952 1627 exsequitur
979 1542 1012 1604 et
1038 1538 1200 1629 episcopo
1227 1537 1285 1608 vix

167 1664 202 1711 se
216 1640 405 1732 subjiciunt
419 1642 584 1724 civitates,
607 1666 694 1733 quae,
722 1641 823 1734 copia
850 1643 1108 1734 negotiatorum
1131 1650 1164 1713 et
1193 1668 1285 1714 com-

166 1755 343 1817 meatuum
359 1748 495 1833 divites,
512 1772 619 1841 prope
644 1748 687 1818 ad
710 1749 855 1819 liberam
880 1750 1191 1821 administrationis
1218 1755 1286 1823 for-

166 1880 260 1925 mam
276 1864 488 1925 accesserant
506 1863 539 1925 et
559 1856 820 1949 privilegiorum
844 1861 955 1951 magis
980 1883 1083 1950 quam
1105 1860 1285 1952 religionis

167 1964 330 2055 studiosa
346 1970 462 2033 erant:
482 1966 706 2056 magistratus
723 1967 782 2056 qui
796 1964 1060 2057 diligentissime
1079 1968 1282 2037 catholicam

166 2071 269 2141 fidem
290 2078 521 2155 servaverant,
546 2073 709 2164 episcopo
732 2074 986 2165 repugnabant,
1002 2076 1061 2167 qui
1087 2075 1128 2143 de
1149 2076 1284 2167 legibus

166 2178 315 2248 civitatis
336 2179 467 2272 aliquid
495 2179 696 2249 deminuere
724 2181 914 2251 videretur.
944 2183 1030 2250 Cum
1056 2181 1284 2252 Valentianas

126 2336 132 2352 .
166 2286 420 2356 Maximilianus
445 2287 508 2356 ivit
535 2294 574 2356 ut
599 2287 761 2357 haeresim
785 2288 1002 2381 exstirparet,
1032 2291 1149 2358 minus
1172 2290 1282 2359 illido

166 2394 336 2463 haereticis
351 2418 456 2486 quam
471 2394 512 2465 de
527 2395 674 2464 civitatis
691 2396 896 2489 privilegiis,
912 2420 987 2487 quae
1002 2398 1165 2489 episcopo
1179 2397 1283 2468 calvi-

165 2502 287 2572 nianos
298 2502 432 2571 tradere
447 2502 598 2587 nolebat,
613 2503 788 2595 agendum
802 2505 880 2573 fuit.

208 2611 468 2680 Cameracensis
484 2611 642 2680 dioecesis
657 2612 801 2681 dimidia
817 2614 953 2683 circiter
967 2637 1046 2706 pars
1062 2620 1135 2684 erat
1150 2622 1282 2684 metro-

163 2719 322 2813 politanae
338 2718 536 2813 provinciae,
548 2719 591 2787 ad
605 2743 721 2811 quam,
737 2727 860 2811 praeter
872 2724 1168 2808 Cameracensem,
1184 2729 1281 2794 Atre·

164 2827 327 2910 batensis,
362 2827 602 2911 TornaceusiS,
635 2828 988 2921 Audomaropolitana
1018 2830 1280 2906 Namuroensis-

164 2958 229 3028 quc
265 2936 429 3004 dioeceses
470 2936 699 3027 pertinebant,
729 2937 818 3004 iuter
849 2936 1000 3005 Galliam
1036 2939 1277 3034 Belgiumque,

162 3042 415 3136 aGravelinga,
440 3041 613 3113 Flandriae
637 3050 752 3137 portu,
777 3042 820 3112 ad
841 3045 1054 3115 Namurcum
1078 3047 1277 3143 Mosamque

162 3151 338 3221 fluvium¹.
1125 3162 1129 3175 ‘

205 3259 496 3353 archiepiscopus
516 3260 681 3351 dignitate
697 3261 807 3352 magis
832 3284 936 3354 quam
954 3263 1156 3332 auctoritate
1174 3289 1277 3357 supra

161 3372 293 3436 ceteros
310 3367 490 3460 episcopos
511 3367 696 3449 eminebat,
723 3376 756 3435 et
780 3374 914 3436 tautum
936 3369 972 3437 in
988 3370 1120 3462 synodo
1138 3375 1277 3466 provin-

159 3476 252 3557 ciali,
268 3499 345 3567 quae
359 3498 450 3544 anuo
466 3479 550 3545 1565
564 3475 741 3545 Cameraci
754 3475 872 3544 habita
888 3481 948 3554 est,
978 3499 1057 3546 vere
1084 3480 1277 3573 archiepis-

159 3606 285 3675 copum
318 3581 576 3651 Maximilianus
603 3606 722 3674 gerere
746 3584 879 3675 potuit:
909 3584 1041 3677 synodo
1072 3609 1143 3655 uon
1171 3591 1274 3659 modo

159 3691 328 3784 praesedit,
347 3689 406 3759 sod
425 3689 529 3758 etiam
543 3689 585 3758 ab
602 3690 762 3758 omnibus
776 3715 847 3760 sura
861 3693 1050 3783 provinciae
1069 3697 1274 3787 praesulibus

159 3797 405 3890 impetravitut
416 3796 550 3866 decreta
561 3797 762 3866 Tridentino
773 3799 979 3893 acciperent.
993 3800 1060 3870 Sed
1068 3804 1272 3899 plerumque

158 3904 407 3997 archiepiscopi
435 3905 533 3996 quasi
571 3915 666 3973 extra
692 3906 750 3998 jus
775 3906 1037 3996 dominiumque
1065 3913 1273 4004 suffraganei

157 4019 275 4085 erant:
294 4014 422 4084 trustra
440 4035 499 4084 eos
512 4012 773 4084 Maximilianus
790 4015 827 4085 in
845 4015 1019 4109 synodum
1034 4041 1158 4090 vocare
1172 4020 1271 4090 ador·

188 4205 213 4259 l.
230 4208 265 4258 aa
277 4205 456 4266 Claranum,
468 4205 581 4255 Histoire
593 4204 625 4254 de
642 4204 774 4273 Cambroy
789 4209 813 4257 et
826 4206 862 4257 du
878 4207 1032 4269 cambresis,
1044 4208 1203 4272 11,p.431.-
1212 4211 1278 4262 Gol-

160 4285 196 4337 lia
211 4286 375 4347 Christuniu,
393 4290 410 4336 t.
425 4286 469 4338 lll.
482 4311 514 4324 -
525 4284 660 4348 Murram,
676 4287 766 4338 Notice
780 4287 927 4355 historique
936 4304 984 4338 sur
994 4289 1031 4340 les
1049 4291 1278 4356 circunscriptione

163 4367 375 4431 ecclesiastiques
385 4368 524 4419 anciennes
537 4369 562 4418 et
576 4368 715 4418 modernas
729 4368 880 4420 dediscere
893 4370 926 4420 de
940 4369 1073 4433 Comtrai,
1087 4385 1113 4433 p.
1128 4370 1152 4420 8.
