2988 5078
411 452 553 506 QUOMOBO
575 452 735 497 EPISCOPUS
756 450 907 498 DELEGTUS
929 452 975 497 Sl'l’
1209 438 1248 499 35

177 591 297 662 Primo
315 594 573 664 Maximilianus
593 597 740 664 Romam
761 595 810 664 ire
838 596 910 688 ipse
937 595 1148 676 decreverat,
1162 600 1203 664 ut
1228 621 1249 665 a

131 697 242 767 Paulo
273 700 322 769 lv
345 702 524 772 electionis
556 727 627 772 snae
665 704 966 772 confirmationem
999 709 1141 796 peteret.
1181 704 1249 773 Sed

131 828 149 870 ‹
166 811 239 874 tam
255 814 393 901 propter
408 834 562 902 personae
578 834 649 879 suae
669 810 885 879 debilitatem
903 834 1009 903 quam
1024 812 1159 880 itineris
1175 810 1250 879 lon·

129 936 209 1003 gam
230 913 432 985 distantiam
458 941 497 986 ac
509 917 649 987 bellicos
665 924 794 998 motus,
813 918 872 1010 qui
887 925 972 987 tunc
987 920 1024 986 in
1038 919 1139 987 Italia
1154 925 1188 988 et
1201 920 1251 988 lo-

130 1020 179 1086 cis
190 1021 315 1090 vicinis
331 1024 535 1108 existebant,
553 1026 780 1118 personaliter
795 1025 987 1094 accedere»
1008 1048 1080 1094 non
1097 1027 1248 1119 potuit¹3

130 1134 164 1195 et
178 1137 420 1219 procuratores
435 1133 617 1201 constituit
631 1133 827 1201 iohannem
842 1132 1005 1217 Richebe,
1025 1134 1250 1226 praepositum

129 1235 284 1304 ecclesiae
308 1238 518 1308 cathedralis
535 1240 785 1324 Atrebatensis,
815 1244 849 1308 et
876 1240 1123 1309 Hieronimum
1138 1239 1252 1309 Busli-

130 1342 241 1424 dium,
263 1345 415 1439 Philippi
435 1347 539 1437 Regis
557 1347 810 1431 consiliarium,
841 1354 879 1415 ut
896 1347 1059 1416 Pontifex
1077 1349 1251 1416 maximus

131 1474 148 1515 ‹
169 1449 322 1520 electum
343 1454 547 1522 confirmare
570 1462 604 1523 et
623 1455 826 1548 episcopum
847 1456 1056 1524 constituere
1085 1462 1119 1523 et
1145 1454 1253 1547 depu-

129 1563 201 1626 tare
215 1582 405 1653 curamque
421 1583 458 1629 ac
475 1562 632 1652 regimen
646 1569 719 1629 tam
737 1563 774 1629 in
789 1561 1028 1653 spiritualibus
1045 1585 1149 1653 quam
1164 1567 1251 1631 tem·

128 1665 305 1756 poralibus
318 1690 400 1736 cum
413 1667 569 1761 plenaria
583 1691 700 1737 rerum
707 1668 841 1760 jurium
856 1672 890 1736 et
906 1668 1080 1737 honorum
1093 1669 1250 1761 ejusdem

128 1772 286 1842 ecclesiae
302 1775 637 1845 administrationem
656 1777 873 1845 committere
901 1776 1118 1866 dignaretur3
1137 1802 1156 1846 »
1176 1777 1251 1869 qui·

129 1902 195 1972 que
222 1906 241 1947 ‹
265 1882 425 1973 jurarent
439 1884 475 1951 in
499 1884 653 1952 animam
669 1909 687 1950 a
703 1882 936 1952 Maximiliani
962 1906 981 1949 ‹<
998 1884 1090 1974 quod
1102 1892 1191 1954 esset
1208 1885 1249 1954 de

129 1987 287 2081 legitimo
302 1992 525 2060 matrimonio
536 1997 736 2084 procreatus
749 1996 782 2059 et
796 1991 973 2083 presbyter
987 1991 1098 2060 aetatis
1108 1993 1251 2083 triginta

130 2101 207 2164 octo
223 2120 399 2167 annorum
413 2098 468 2167 vel
483 2099 619 2168 circiter
634 2104 668 2167 et
689 2098 781 2189 quod
794 2100 831 2166 in
846 2097 1036 2189 praemissis
1059 2121 1129 2167 non
1146 2098 1250 2168 inter-

131 2204 283 2273 venisset
304 2204 421 2298 aliqua
446 2209 554 2291 traua,
572 2205 742 2275 simonica
754 2204 863 2283 labeo,
892 2212 952 2273 aut
967 2204 1036 2274 alia
1051 2206 1164 2297 pactio
1178 2206 1249 2276 illi-

130 2311 209 2398 cita,
227 2318 293 2383 ete.
316 2310 365 2380 ¹»

172 2424 277 2493 Anno
290 2427 426 2491 tautum
452 2426 537 2493 1559
556 2422 687 2492 Paulus
712 2422 761 2489 IV
784 2419 1012 2490 Maximiliani
1042 2420 1248 2491 electionem

128 2531 377 2625 comprobavit.
396 2533 533 2600 Etenim
553 2531 687 2622 dejure
706 2528 884 2597 electionis
909 2530 1146 2598 controversia
1160 2537 1244 2601 erat.

127 2639 432 2719 Quemadmodum
458 2640 575 2707 Sixtus
591 2640 685 2730 Papa
710 2637 771 2719 IV,
801 2636 961 2705 Johanne
994 2660 1014 2705 a
1042 2636 1247 2729 Burgundio

127 2752 277 2825 mortuo,
306 2747 378 2837 jam
408 2746 508 2814 ‹sibi
537 2754 772 2814 reservaverat
801 2746 1061 2813 Cameracensis
1090 2745 1245 2816 ecclesiae

127 2852 405 2947 dispositionem,
420 2853 675 2922 ordinationem
699 2857 732 2921 et
752 2852 999 2944 provisionem,
1014 2853 1152 2944 quando
1168 2876 1244 2922 eam

126 2984 248 3029 vacare
273 2959 510 3051 contingeret³
526 2986 558 3039 a,
583 2961 629 3028 ita
653 2957 784 3027 Paulus
797 2981 883 3051 papa
897 2959 947 3027 IV
963 2983 981 3025 ‹
1006 2960 1243 3053 episcopatum

127 3068 409 3137 Cameracensem
449 3067 666 3159 praetendens
693 3065 760 3134 sibi
785 3088 845 3158 per
865 3065 1003 3156 regulas
1032 3067 1244 3138 cancellariae

125 3175 325 3269 apostolicae
341 3176 549 3267 generaliter
562 3180 777 3243 reservatum
792 3195 877 3248 esse,
895 3172 954 3240 alii
973 3173 1110 3242 cuidam
1127 3178 1244 3244 extra-

124 3305 188 3351 neo
220 3285 376 3351 conterre
401 3308 419 3349 a
447 3289 626 3362 statuerat,
655 3281 709 3350 vel
735 3281 807 3372 jam
844 3280 1038 3348 contulerat
1055 3280 1076 3350 ⁸.
1100 3282 1242 3375 Semper

124 3395 240 3458 tamen
276 3390 459 3483 episcopus
499 3414 519 3458 a
554 3389 707 3481 capitulo
739 3386 894 3455 delectus
930 3389 1043 3456 luerat
1083 3395 1127 3471 et,
1161 3412 1241 3458 cum

123 3498 241 3565 Sixtus
253 3498 303 3567 lv
318 3498 473 3566 ecelesia
490 3496 730 3565 Cameracensi
746 3495 937 3562 Henricum
952 3518 973 3561 a
986 3493 1105 3585 Bergis
1121 3499 1241 3588 praele-

124 3614 225 3688 cerat,
243 3604 340 3673 nulla
356 3628 437 3673 cum
463 3604 611 3697 lmperio
637 3602 872 3671 controversia
887 3602 1011 3685 inerat,
1029 3603 1122 3693 quod
1137 3604 1242 3672 simul

123 3712 284 3780 eumdem
302 3712 517 3782 Valentianis
535 3711 725 3804 capitulum
742 3708 916 3800 delegerat
928 3710 950 3776 ⁸.

154 3883 175 3933 l.
193 3883 273 3933 Liber·
285 3896 335 3933 sec.
355 3882 426 3933 litut.
444 3883 514 3933 nect.
533 3883 617 3944 Gom,
631 3895 657 3944 p.
672 3881 711 3931 79.

152 3982 175 4031 2.
193 3982 412 4032 Procuratorium
424 3980 627 4032 Maximilionio
637 3980 729 4044 Berpis
739 3981 764 4028 ct
771 3977 918 4041 acceptatio
926 3978 1061 4029 electionis
1068 3993 1129 4035 rure,
1140 3984 1189 4031 otc.
1200 4005 1232 4021 -·

122 4079 201 4131 rue.
217 4095 280 4141 rec,
292 4085 352 4141 etc,
367 4079 422 4142 221,
437 4093 463 4143 p.
478 4079 510 4129 79
525 4082 552 4130 et
564 4079 618 4130 107.

153 4180 176 4228 3.
195 4179 284 4230 {tullio
301 4179 463 4242 car-attona,
480 4178 526 4239 lll,
540 4193 566 4242 p.
579 4177 618 4226 50.

149 4278 171 4326 4,
186 4278 270 4328 tiber.
288 4292 339 4328 sec.
351 4281 411 4340 etc,
427 4291 452 4341 p.
470 4277 527 4329 205.

145 4378 167 4425 5.
183 4375 274 4427 Gallio
285 4376 447 4437 Christiano,
462 4376 506 4437 lll,
522 4375 578 4439 pil,
591 4380 645 4424 uot.
663 4389 686 4423 a.
699 4399 726 4411 -
738 4372 922 4435 Dormrsdp.
947 4372 993 4419 cll.
1008 4371 1068 4435 ,tlt
1085 4387 1111 4433 p.
1130 4371 1185 4421 ill.
