2958 5076
544 1067 688 1137 CAPUT
712 1067 760 1134 III

221 1404 265 1458 on
285 1403 524 1459 unxlulnlnno
549 1405 684 1459 IMPERII
710 1403 906 1461 GERMANICI
925 1407 1089 1462 PRINCIPE

139 1725 289 1793 Nomine
307 1724 419 1813 magis
431 1746 536 1814 quam
557 1747 593 1791 re
611 1723 872 1794 Maximilianus
891 1748 910 1792 a
929 1725 1051 1816 Bergis
1071 1725 1214 1817 Imperii

97 1832 294 1903 Germanici
325 1832 484 1923 princeps
515 1836 599 1898 erat.
629 1831 751 1923 Itaque
779 1832 1062 1900 Cameraeesium
1086 1832 1146 1901 vix
1173 1831 1216 1899 ad

97 1939 294 2009 Germaniae
307 1938 489 2007 historiam
508 1939 670 2028 pertinet.
693 1938 781 2006 Cum
798 1938 1038 2008 Maximiliano
1054 1940 1216 2031 Impera·
1336 1985 1338 1988 >

97 2046 184 2115 toris
213 2047 419 2115 auctoritate
443 2068 532 2138 opus
560 2051 622 2127 est,
652 2050 736 2114 tunc
764 2045 1045 2115 Cameracesium
1074 2047 1217 2138 Imperii

96 2154 296 2223 membrum
312 2160 346 2220 et
355 2157 489 2245 partem
503 2157 538 2219 et
555 2174 590 2219 sa
604 2151 719 2243 ipsum
735 2154 927 2244 prinoipem
940 2154 1131 2245 profitetur.
1148 2153 1215 2221 Sed

97 2263 313 2353 Imperatore
333 2284 353 2328 a
379 2258 618 2328 Cameracesio
642 2260 773 2327 tributa
795 2262 966 2351 exigente,
993 2266 1076 2329 tunc
1096 2261 1215 2330 Came-

98 2369 272 2436 racesium
291 2370 361 2436 lere
384 2391 404 2435 a
431 2365 628 2435 Germaniae
644 2365 780 2456 legibus
798 2368 954 2435 solutum
972 2366 1147 2435 contendit
1167 2374 1213 2449 et,

98 2498 179 2543 cum
193 2474 238 2542 ad
250 2476 391 2542 comitia
405 2477 574 2564 Augusta
588 2472 852 2542 Vindelicorum
869 2473 988 2541 habita
1008 2496 1043 2542 se
1066 2475 1211 2552 confert,

97 2588 181 2651 sunt
194 2583 252 2674 qui
268 2583 413 2650 timeant
425 2605 469 2650 ne
483 2587 567 2649 tunc
582 2605 602 2649 a
615 2579 765 2649 comitiis
773 2586 867 2672 petat
882 2586 922 2650 ut
935 2581 1214 2650 Cameracesium

97 2689 184 2758 nulli
200 2689 391 2758 obnoxium
406 2689 643 2780 profiteantur.

140 2797 293 2876 Etenim,
308 2819 388 2865 cum
415 2797 668 2887 Imperatorem
692 2802 769 2863 orat
795 2802 833 2864 ut
860 2795 901 2865 de
934 2820 1007 2865 suae
1035 2797 1214 2866 electionis

96 2904 378 2997 comprobatione
405 2903 566 2972 Pontifici
596 2902 736 2981 scribat,
767 2904 930 2972 Caesareae
964 2905 1158 2996 Maiestatis
1180 2911 1215 2973 ot

96 3012 238 3106 Imperii
264 3011 437 3080 vassalum
468 3034 504 3079 se
530 3010 613 3078 dicit
635 3017 670 3078 et
691 3010 914 3100 Imperatoris
943 3012 1150 3080 auctoritate
1179 3019 1214 3080 et

96 3120 261 3190 mandato
290 3117 534 3210 gubernaculis
564 3115 825 3186 Cameracensis
859 3119 948 3186 sedis
980 3119 1212 3211 deputatum:

96 3227 272 3310 «Civitas,
290 3225 416 3318 inquit,
435 3225 697 3294 Cameracensis
711 3222 753 3291 ab
769 3225 1039 3293 immemorabili
1056 3231 1212 3318 tempore

95 3358 133 3403 ac
148 3334 240 3402 ultra
258 3356 399 3401 omnem
418 3332 601 3400 hominum
626 3332 833 3400 memoriam
847 3332 1021 3423 perpetuis
1048 3335 1213 3424 tempori-

95 3441 159 3511 bus
175 3441 309 3510 exstitit
334 3447 367 3507 et
393 3445 444 3507 est
470 3439 624 3508 notabile
640 3439 837 3507 membrum
861 3444 895 3506 et
914 3438 1009 3507 illius
1031 3440 1214 3533 episcopus

95 3550 254 3641 princeps
289 3548 375 3615 sacri
409 3548 556 3616 Romani
586 3545 735 3638 imperii,
777 3547 836 3637 qui
861 3545 958 3614 velut
990 3545 1148 3616 membra
1182 3555 1217 3617 et

96 3662 208 3747 partes
223 3653 397 3723 inlerioris
412 3652 642 3745 Westphalici
670 3653 791 3721 circuli
819 3676 899 3722 cum
933 3653 1056 3723 eodem
1084 3656 1215 3724 circulo

96 3762 187 3831 dicto
215 3761 360 3853 imperio
385 3760 532 3852 subjecti
558 3763 700 3828 luerunt
734 3765 836 3852 atque
867 3760 974 3828 etiam
1001 3784 1072 3831 non
1101 3764 1215 3831 solum

94 3873 169 3961 ejus
202 3891 309 3937 onera
344 3873 377 3936 et
415 3867 581 3958 qrridquid
621 3866 763 3957 reliquis
802 3867 950 3936 statibus
985 3870 1216 3937 communiter

97 3977 296 4068 injunctum
314 3977 387 4044 sive
402 3975 605 4066 impositum
622 3974 688 4040 luit
706 3975 957 4058 sustinuerunt,
975 3977 1217 4044 verumetiam

95 4082 265 4174 quidquid
290 4081 489 4173 singulatim
516 4081 650 4149 ratione
677 4080 758 4148 dicti
786 4081 923 4172 imperii
943 4086 977 4148 in
997 4083 1063 4150 boc
1084 4081 1213 4150 circulo

96 4189 300 4259 obeundum
328 4189 406 4270 fuit,
438 4187 741 4281 pr·arstiterunt¹.›
770 4188 870 4271 Item,
907 4212 989 4256 cum
1029 4188 1215 4257 calviniani

128 4361 154 4409 l.
179 4358 255 4408 Liber
269 4359 409 4419 secundus,
422 4363 483 4417 etc..
499 4367 529 4407 n⁰
542 4357 597 4417 221,
614 4372 639 4421 p.
650 4356 690 4407 95.

1059 4456 1076 4509 l
