2958 5076
500 479 624 525 sinonis
646 479 853 575 conuocanors
1195 465 1234 525 65

115 629 289 700 acturum,
306 628 346 690 ut
364 645 443 713 quae
461 623 499 690 in
518 645 615 690 sacro
635 624 849 691 oecumenico
868 623 1014 691 concilio
1034 623 1234 692 Tridentino

115 731 246 798 sancita
262 736 296 798 et
310 729 368 798 hic
381 731 455 821 jam
470 735 645 821 acceptata
660 737 694 799 et
712 737 849 821 recepta
864 735 956 812 sunt,
973 731 1010 798 in
1025 731 1147 822 primis
1161 732 1234 822 ipse

114 843 257 929 praestet
272 843 306 905 et
320 837 514 906 secundum
535 837 591 906 hic
602 838 843 929 praescriptum
858 844 892 906 ct
902 837 1129 906 constitutum
1145 839 1235 905 ordi-

115 968 199 1013 nem
215 951 250 1013 et
265 945 408 1013 modum
423 946 634 1014 observetur
650 945 773 1014 deinde
790 968 853 1014 suo
868 950 939 1021 tam
952 946 1113 1037 exemplo
1129 968 1235 1036 quam

114 1053 223 1121 verbo
239 1052 331 1121 idern
346 1051 426 1121 illos
440 1053 554 1121 facere
574 1052 694 1121 doceat
707 1058 729 1120 ¹.
747 1078 765 1118 s

158 1159 419 1229 Maximilianus
437 1160 546 1253 igitur
563 1160 699 1228 facilius
719 1183 826 1250 quam
846 1160 1095 1252 archiepiscopi
1113 1160 1235 1229 Mech-

115 1266 274 1335 liniensis
299 1273 334 1335 et
360 1266 590 1359 Trajeotensis
619 1275 657 1335 ut
686 1267 739 1334 sni
768 1267 964 1337 Concilium
992 1267 1234 1336 Tridentinum

115 1376 314 1468 acciperent
328 1383 533 1444 consecutus
549 1381 610 1444 est.
629 1375 766 1467 Viglius
781 1376 853 1466 ipse
870 1374 1007 1466 scripsit
1027 1377 1063 1443 in
1080 1375 1234 1443 oratione

113 1487 163 1550 De
177 1483 341 1575 Philippo
356 1483 503 1551 secundo
523 1487 636 1573 Repe:
661 1507 679 1547 (
699 1482 868 1564 Quamvis
882 1506 963 1551 vero
983 1482 1095 1550 multo
1115 1481 1234 1551 labore

114 1589 375 1658 Cameracensis
390 1590 425 1658 id
440 1589 646 1658 obtinuisset
665 1589 955 1681 archiepiscopus,
978 1594 1094 1657 tamen
1113 1588 1236 1657 Mech-

112 1696 272 1765 liniensis
291 1703 325 1765 et
345 1698 575 1789 Trajcctensis
596 1699 722 1765 frustra
743 1719 823 1764 cum
843 1720 914 1764 suae
934 1696 1120 1764 dioeceseos
1140 1696 1233 1765 clero

112 1804 275 1895 agebant,
297 1803 396 1895 cnjus
415 1810 509 1872 tanta
533 1810 607 1872 erat
631 1803 668 1871 in
687 1803 731 1870 iis
750 1803 876 1895 quibus
900 1805 974 1894 jam
1002 1804 1086 1871 olim
1115 1827 1235 1872 assue-

111 1917 222 1993 verat,
241 1910 311 1979 sive
326 1911 430 1995 vitiis,
449 1911 520 1979 sive
535 1911 711 1994 abusibus,
734 1918 773 1978 ut
793 1916 928 1988 vocant,
951 1911 1141 1980 retinendis
1159 1934 1236 2002 per·
1278 1902 1284 1914 ’

110 2018 242 2085 tinacia
255 2018 314 2085 ⁵.»

155 2126 208 2193 Ea
223 2126 259 2192 in
275 2125 396 2216 primis
415 2125 565 2209 decreta,
587 2148 665 2216 quae
685 2125 729 2192 ad
749 2123 969 2204 clericorum,
991 2124 1233 2217 religiosorum

112 2231 366 2323 doctorumque
397 2233 518 2301 munia
542 2237 577 2301 et
601 2232 821 2325 disciplinam
848 2231 1080 2322 pertinebant,
1102 2232 1232 2323 synodo

110 2339 372 2408 blaximilianus
405 2340 672 2408 commendavit.
703 2340 754 2406 Ex
781 2338 906 2428 viginti
941 2337 1077 2407 duobus
1111 2338 1233 2431 synodi

111 2447 369 2515 Cameracensis
398 2447 559 2538 capitulis
590 2446 757 2515 tredecim
787 2446 859 2514 tere
893 2446 995 2513 unice
1025 2446 1066 2514 de
1096 2445 1233 2514 clericis

110 2565 213 2623 sunt:
232 2554 274 2624 de
289 2554 493 2646 theologicis
509 2552 715 2622 lectionibus
726 2553 762 2620 in
774 2552 934 2644 capitulis
949 2559 983 2621 et
996 2554 1229 2631 monasteriis,

109 2661 211 2731 —de
227 2662 427 2745 seminario,
441 2701 486 2712 —
501 2660 542 2728 de
558 2660 714 2728 doctrina
728 2664 763 2727 et
779 2660 1024 2750 praedicatione
1038 2659 1137 2728 verbi
1152 2661 1229 2744 Dei,

108 2769 211 2838 -de
228 2768 338 2852 cnltn,
356 2769 566 2837 caerimoniis
582 2773 617 2835 et
631 2768 745 2836 officio
766 2767 894 2848 divino,
910 2809 956 2819 —
970 2768 1012 2837 de
1023 2768 1230 2838 'ministeriis

109 2876 363 2955 ecclesiasticis,
387 2876 492 2944 -de
517 2875 587 2943 vita
612 2881 646 2944 ct
674 2876 852 2944 honestate
872 2875 1091 2955 clericorum,
1123 2876 1229 2944 -dc

109 2984 271 3053 examine
287 2983 541 3076 episcoporum,
563 2983 668 3051 -de
689 2983 847 3052 examine
869 2988 1060 3075 pastorum,
1083 2982 1125 3050 dc
1140 2983 1231 3051 resi-

109 3091 228 3160 dentia
247 3091 489 3182 episcoporum
510 3095 544 3157 et
563 3093 776 3174 curatorum,
803 3090 910 3159 —de
933 3095 1115 3183 pastorum
1141 3089 1231 3158 resi-

109 3198 227 3268 dentia
242 3204 276 3267 et
292 3220 414 3267 corum
429 3197 557 3282 officio,
577 3236 624 3249 -
644 3197 685 3267 de
704 3197 916 3278 visitatione,
938 3236 982 3248 -
1001 3197 1043 3266 de
1062 3200 1229 3288 potestate

107 3329 146 3375 ac
162 3304 407 3397 jurisdictione
427 3305 669 3387 ecclesiastica,
693 3345 733 3355 —
756 3305 798 3374 de
821 3304 1042 3373 monasteriis
1069 3303 1228 3372 virorum

108 3419 142 3483 ct
158 3411 358 3482 mulierum.
375 3451 420 3463 —
434 3413 567 3482 Novem
582 3417 718 3480 tanturn
738 3411 806 3480 alia
822 3418 905 3480 sunt
924 3411 966 3479 de
982 3410 1138 3480 lidelium
1154 3410 1228 3478 ofli-

108 3519 182 3598 ciis‚
202 3542 280 3610 qnae
299 3543 437 3613 quoqne
457 3519 581 3587 docent
596 3519 769 3610 quomodo
788 3524 945 3611 pastores
965 3519 1001 3586 iu
1022 3517 1139 3587 fideles
1155 3518 1229 3587 suis

109 3625 240 3696 muniis
255 3627 324 3696 sint
337 3628 502 3705 functuri,
522 3628 611 3695 sicut
625 3626 667 3696 dc
682 3625 779 3694 libris
798 3626 1043 3695 haereticorum
1058 3626 1228 3718 suspectis

107 3742 141 3803 et
155 3734 284 3814 vetitis,
300 3775 345 3786 —
360 3734 402 3804 de
417 3734 556 3819 scholis,
574 3733 674 3803 -de
693 3732 928 3817 matrimonio,
948 3774 991 3785 -
1010 3732 1052 3802 de
1068 3733 1225 3817 decimis,

106 3841 341 3911 oblationibus
359 3847 395 3910 et
408 3842 565 3935 portione
586 3841 760 3923 canonica,
774 3839 874 3909 —de
889 3841 1101 3934 purgatorie,
1126 3880 1171 3891 -
1185 3840 1227 3909 de

106 3950 246 4029 sanctis,
260 3990 296 4001 -
305 3949 347 4020 de
357 3949 578 4042 imaginibus,
587 3948 677 4018 -de
690 3947 958 4039 reliqniis-de
972 3946 1224 4041 indulgentiis.

151 4057 239 4141 Quae
263 4056 404 4150 quidem
428 4056 580 4147 capitula
599 4055 737 4148 singula
760 4056 808 4123 ita
832 4056 1108 4125 concluduntur:
1136 4079 1155 4120 (ι
1181 4054 1227 4125 Ut

137 4209 161 4260 l.
175 4211 272 4271 hasa,
285 4210 342 4271 XV,
357 4224 383 4273 p.
397 4209 454 4263 205.

137 4300 162 4352 2.
175 4298 352 4351 Memoimde
368 4298 476 4363 ltaliae,
489 4297 524 4348 De
538 4297 662 4363 Philippo
672 4297 787 4348 seeundo
800 4311 861 4366 repa
872 4297 969 4360 oratio,
983 4294 1082 4357 XLlV.
1097 4309 1124 4360 p.
1137 4294 1193 4347 110.

137 4390 163 4441 d.
178 4389 279 4452 Luna,
291 4389 348 4451 XV,
362 4402 389 4452 p.
407 4386 525 4438 sat-179.

1067 4484 1083 4538 Β
