2958 5076
455 365 571 411 FINIBUS
586 364 707 409 'elbum
728 365 939 410 CUSTODIENBIS
1022 339 1026 348 Ι
1217 351 1255 413 71

137 513 172 575 et
182 507 294 599 Belgii
312 508 438 577 finibus
452 510 550 598 quasi
572 507 765 591 oberrabat,
782 513 834 588 ut,
851 509 1033 577 occasione
1048 509 1140 591 data,
1155 510 1257 579 sociis

137 614 211 684 suis
227 637 328 706 opem
344 616 464 693 ferret;
486 616 614 707 quibus
638 638 730 683 anno
756 617 840 686 1567
868 614 1123 685 declarantibus
1145 621 1258 687 totum

137 723 311 814 Belgium,
327 746 368 792 eo
394 723 588 802 accedente,
605 723 648 790 ad
675 746 771 791 arma
800 723 933 792 iturum
969 724 1149 816 respondit
1179 730 1257 795 ante

137 852 251 898 unum
265 852 422 900 mensem
435 831 519 899 sein
533 829 652 922 Belgio
668 852 750 900 suos
763 830 896 900 amicos
910 830 947 898 in
966 831 1162 900 libertatem
1175 832 1259 901 vin-

138 936 338 1007 dicaturum
352 946 373 1011 ¹.

181 1044 256 1112 111ae
271 1049 387 1115 autem
401 1045 543 1114 Condaei
558 1046 692 1114 insidiae
705 1068 746 1113 eo
761 1047 933 1137 majorem
946 1045 1063 1136 Belgis
1077 1046 1258 1115 catholicis

137 1151 411 1222 sollicitudinem
439 1153 639 1236 afferebant,
662 1152 755 1243 quod
785 1153 822 1220 in
861 1151 976 1221 Gallia
1010 1176 1073 1222 rex
1112 1154 1257 1247 ejusque

138 1264 249 1329 mater
284 1282 538 1350 nonnunquam
577 1283 658 1329 cum
696 1260 884 1352 hugonotis
916 1265 951 1328 et
977 1260 1063 1352 ipsis
1096 1261 1259 1330 Gbeusiis

136 1367 302 1436 adversus
326 1367 480 1460 Philippi
504 1389 652 1459 regnum
674 1366 945 1436 consentiebant.
970 1368 1109 1436 Etenim
1135 1367 1259 1438 Gatha-

136 1474 217 1543 rina
230 1475 397 1557 Medicas,
415 1497 495 1565 quae
510 1474 640 1542 varein
659 1474 772 1543 Gallia
794 1497 848 1542 res
870 1480 955 1543 tunc
978 1474 1255 1560 administrabat,

139 1581 265 1673 quibus
281 1582 393 1650 modis
406 1582 594 1672 imperium
615 1588 766 1651 servaret
789 1578 876 1649 nibil
893 1583 989 1673 pensi
1005 1583 1175 1652 habebat:
1192 1584 1258 1651 ita·

139 1712 206 1782 que
219 1689 323 1757 modo
341 1713 361 1757 a
376 1688 569 1769 catholicis
584 1690 687 1758 modo
699 1690 741 1758 ab
754 1689 928 1757 baereticis
947 1690 1071 1772 stabat,
1094 1714 1138 1760 ne
1153 1690 1257 1759 tactio

135 1796 246 1865 altera
259 1796 404 1865 alteram
419 1798 466 1863 ita
481 1802 660 1887 superaret
673 1802 713 1865 ut
726 1797 950 1866 Catharinam
962 1799 1074 1889 ipsam
1097 1796 1258 1868 detrude·

135 1910 198 1972 ret.
219 1904 308 1973 Cum
333 1902 478 1972 Carolus
500 1925 561 1971 rex
574 1926 655 1971 cum
672 1904 858 1995 hugonotis
884 1927 1004 1996 pacem
1023 1905 1184 1989 iaciebat,
1215 1906 1257 1974 de

135 2035 199 2080 suo
220 2011 341 2103 Belgio
368 2011 553 2103 Philippus
585 2011 750 2084 timebat:
778 2011 976 2080 Catharinae
995 2013 1101 2091 enim,
1124 2035 1204 2082 cum
1220 2013 1257 2081 in

134 2141 243 2213 regno
259 2119 376 2210 quieta
388 2119 506 2186 omnia
519 2142 539 2186 a
552 2117 645 2187 bello
664 2124 790 2197 essent,
807 2142 879 2186 non
893 2117 1097 2211 displicebat
1111 2119 1257 2189 catholi-

135 2248 259 2296 corum
272 2226 602 2318 hugouotorumque
624 2227 795 2294 exercitus
810 2248 829 2294 e
845 2225 959 2295 Gallia
980 2225 1107 2317 ejicere
1127 2232 1161 2295 et
1178 2226 1258 2295 His·

133 2357 243 2428 panos
271 2334 479 2425 opprimere.
507 2331 573 2399 Illa
605 2330 747 2423 quidem
778 2333 907 2424 reginae
940 2334 1086 2402 consilia
1115 2335 1187 2402 fore
1213 2334 1256 2401 ad

133 2442 241 2511 finam
255 2445 429 2510 venerunt
443 2463 535 2518 oum,
553 2462 635 2532 pace
651 2463 742 2508 anno
759 2442 845 2509 1570
861 2441 964 2523 facta,
979 2441 1150 2533 hugonoti
1163 2442 1256 2534 apud

134 2571 253 2642 regem
273 2553 385 2617 auctor
394 2548 514 2617 itatem
538 2546 604 2614 sibi
625 2554 913 2639 comparaverunt
934 2552 968 2615 et
988 2547 1152 2617 adversus
1171 2548 1257 2617 His-

132 2680 242 2752 panos
258 2655 381 2724 Gallim
396 2676 515 2745 regem
530 2655 574 2722 ad
586 2653 701 2723 fredus
716 2677 796 2723 cum
810 2655 948 2747 Angliae
962 2656 1083 2747 regina
1098 2656 1256 2727 sancien-

133 2764 218 2836 dum
231 2763 399 2833 inducere
412 2759 613 2830 voluerunt.
630 2763 727 2830 Tunc
739 2761 848 2830 Alava
865 2763 1038 2831 scribebat
1056 2762 1172 2856 palam
1187 2766 1256 2834 fre·

133 2895 228 2942 merc
253 2869 369 2941 Caroli
394 2870 485 2961 regis
510 2869 711 2948 exercitum,
740 2893 822 2962 pace
844 2870 881 2937 in
908 2869 1022 2939 Gallia
1046 2872 1203 2941 restituta
1222 2877 1257 2941 et

133 2981 273 3050 omissis
299 2977 473 3071 prioribus
501 2976 696 3059 discordiis,
731 2977 865 3046 bellum
888 2978 980 3047 toras
1009 2978 1193 3047 terendum
1213 2984 1257 3053 ¹et

133 3110 253 3181 poenas
274 3110 295 3156 a
313 3085 476 3180 Philippo
498 3084 715 3178 repetendas,
732 3085 798 3175 {qui
819 3084 931 3154 Caroli
954 3085 1082 3155 sororis
1105 3089 1254 3155 mortam
1284 3088 1287 3095 ’

133 3193 310 3268 tecissat¹.

177 3305 299 3398 Itaque
314 3302 407 3371 idam
422 3301 543 3393 Belgio
556 3300 753 3394 periculum
766 3299 900 3369 bellum
914 3306 947 3369 et
958 3323 1025 3392 pax
1034 3298 1167 3369 Gallica
1174 3323 1255 3370 con·

134 3412 284 3483 tlabant:
302 3410 435 3480 bellum
451 3407 625 3478 Gallicum
651 3409 751 3500 quasi
768 3408 929 3478 movebat
952 3407 1147 3498 Belgicum‚
1173 3430 1254 3477 cum

133 3520 277 3590 Gbeusii
292 3519 334 3587 ab
348 3516 536 3610 hugonotis
548 3539 651 3609 opem
663 3521 859 3607 sperarent;
875 3538 958 3610 pace
970 3520 1088 3585 autem
1109 3515 1146 3583 in
1167 3514 1253 3584 Gal-

132 3631 281 3712 liatacta‚
290 3626 576 3718 etabbugonotis
588 3627 758 3720 etaregio
769 3624 923 3695 exercitu
931 3622 1104 3696 auxilium
1114 3645 1255 3721 exspec-

134 3738 264 3807 tabant.

175 3847 227 3915 Eo
241 3843 378 3934 majore
392 3842 508 3911 studio
522 3840 630 3909 Gallis
649 3841 798 3911 intendit
819 3840 1078 3913 Maximilianus
1097 3844 1201 3936 quod,
1224 3847 1253 3916 si

134 3949 372 4049 procederent,
390 3950 669 4021 Cameraoesium
691 3950 843 4043 primum
865 3956 963 4021 erant
981 3951 1153 4032 invasuri;
1187 3974 1252 4024 nec

160 4180 287 4234 11111111
301 4176 376 4240 aput
391 4175 432 4225 dle
445 4173 477 4226 ¹2
490 4189 574 4226 mans.
586 4177 639 4226 oct.
656 4173 726 4238 1561,
741 4175 819 4228 Arcb.
834 4177 892 4229 Nat,
908 4175 940 4228 K
956 4175 1028 4230 1508.

159 4278 183 4330 2.
198 4279 290 4330 Areva
301 4275 386 4341 epist..
401 4273 443 4324 dte
453 4271 480 4324 31
498 4286 582 4326 mens.
596 4274 654 4340 julii
667 4275 739 4337 1570,
753 4275 831 4329 meh.
843 4274 904 4327 Nat.
922 4274 955 4327 K.
967 4274 1037 4328 1⁶16.
