2958 5076
335 422 413 467 Auru
434 420 584 466 rusticuli
604 419 796 464 ΜΑΧΙΜΙΗΑΝῙ
816 420 1070 467 tornacussmnn!
1205 405 1262 466 115

139 570 252 637 fuere.
273 567 342 635 Eos
357 564 474 648 etiam,
498 562 627 656 quibus
644 562 748 631 venia
764 562 937 654 generalis
957 564 1072 633 fuerat
1085 587 1259 648 concessa,

141 674 230 745 adeo
247 696 320 742 non
334 671 479 741 fallebat
491 669 646 762 Philippi
661 668 853 738 clementiae
873 671 1015 739 subesse
1031 672 1260 756 fraudemut,

141 787 285 873 accepto
326 779 511 862 beneficio,
540 778 577 845 in
615 775 715 869 culpa
757 784 1028 870 perseverarent.
1065 780 1262 848 Mechliniae

140 889 431 967 Hoohstratanus,
467 908 530 953 sua
546 888 668 977 sponte
696 883 874 977 religionis
904 885 1262 979 praedicationumque

140 996 340 1065 libertatem
366 992 600 1075 denuntiavit,
631 993 851 1084 promulgata
884 993 990 1061 simul
1014 994 1265 1085 preteritarum

141 1100 397 1173 rerumvenid.
415 1103 552 1169 Interea
577 1121 647 1167 non
676 1098 841 1168 desinunt
865 1099 1036 1192 imagines
1058 1124 1119 1193 per
1142 1102 1264 1171 urbem

140 1210 307 1302 infringi;
325 1206 448 1277 exsilio
463 1212 601 1275 tantum
615 1207 809 1276 multantur
834 1208 893 1300 qui
914 1206 951 1275 in
963 1229 1056 1276 noxa
1069 1212 1173 1292 suut,
1194 1232 1260 1278 nec

143 1323 262 1386 tamen
288 1317 360 1385 abit
373 1336 544 1384 novarum
556 1312 767 1383 seditionum
783 1320 897 1383 metus
911 1334 919 1382 :
932 1319 1039 1398 tanta,
1053 1315 1100 1384 ait
1111 1315 1263 1395 Morillo,

141 1423 328 1493 videbatur
342 1444 416 1491 esse
435 1420 484 1490 ibi
501 1422 694 1514 impetratae
708 1420 760 1490 rei
777 1422 999 1513 negligentia⁸
1015 1425 1023 1490 1
1043 1423 1267 1492 Recusubant

140 1554 226 1600 vero
238 1531 389 1613 veniam,
401 1552 508 1623 quam
521 1551 594 1596 non
609 1527 813 1597 tribuissent
824 1529 943 1598 Status
955 1529 1147 1621 generales,
1156 1529 1266 1600 Nobi·

142 1639 195 1708 les
206 1638 308 1707 multi
321 1659 330 1720 ;
344 1634 551 1706 recusabant
564 1634 634 1716 alii,
649 1635 717 1703 nisi
733 1634 881 1728 amplior
898 1636 1013 1706 foret&

79 1744 84 1751 ’
187 1746 297 1839 Igitur
321 1745 521 1814 animorum
550 1741 709 1812 mutatio.
738 1743 815 1812 Jam
834 1766 930 1812 nunc
950 1744 1009 1835 qui
1033 1743 1155 1836 Belgio
1179 1765 1265 1836 prae·

141 1859 243 1923 erant
272 1876 312 1922 eo
341 1850 479 1921 facilius
494 1851 632 1919 veniam
649 1873 776 1940 negare
796 1857 953 1942 possunt,
975 1850 1067 1941 quod
1091 1850 1264 1935 nonnulli,

141 1959 309 2054 praesules
328 1958 531 2052 praesertim,
555 1963 588 2026 et
606 1958 697 2026 inter
717 1979 838 2026 omnes
855 1958 1157 2048 Aequicinctinus,
1184 1963 1266 2051 post

139 2068 214 2136 vim
245 2088 306 2160 per
333 2087 465 2135 annum
482 2067 569 2135 1666
584 2088 655 2134 666
670 2087 844 2157 nusquam
857 2065 997 2144 lactem,
1012 2067 1129 2134 minus
1160 2088 1265 2157 quam

140 2175 330 2268 incipiente
343 2195 436 2243 anno
450 2195 563 2241 causae
577 2172 749 2240 favebant.
766 2171 838 2240 Sub
853 2171 960 2240 finem
979 2171 1111 2240 mensis
1125 2195 1265 2243 novem·

140 2283 214 2353 bris
245 2282 344 2366 1666,
362 2280 531 2371 scriptum
551 2278 780 2349 Granvelleno
799 2301 819 2347 a
839 2277 1038 2348 Morillonio
1065 2278 1131 2348 hoc
1155 2278 1265 2372 placi-

140 2396 262 2460 turum
277 2388 411 2472 multis,
426 2387 455 2456 si
471 2410 532 2456 rex
546 2386 687 2455 tandem
702 2407 738 2454 se
750 2408 825 2454 esse
840 2408 960 2476 regem
975 2390 1072 2454 osten
1078 2386 1200 2457 deret.

186 2497 275 2568 Item
295 2494 419 2565 mediae
442 2500 476 2564 et
503 2494 637 2563 ultimae
657 2493 835 2585 dignitatis
859 2493 996 2562 nobiles
1026 2493 1171 2564 minime
1199 2516 1261 2588 pro

139 2610 238 2699 perte
250 2603 390 2674 veniam
403 2602 493 2672 votis
509 2601 696 2700 petebant.
711 2599 931 2707 Mocillonius
947 2602 1040 2669 enim
1054 2602 1176 2671 scribit
1192 2601 1261 2670 duo

140 2735 215 2783 esse
231 2710 344 2780 millia
361 2709 534 2780 nobilium
551 2709 610 2802 qui
626 2714 747 2777 contra
764 2708 901 2776 veniam
923 2709 1134 2778 contendere
1151 2709 1262 2802 parati

140 2817 512 2911 eint3quorumplures
523 2815 758 2906 gloriari,nec
766 2815 955 2901 immerito,
967 2838 1002 2884 se
1011 2816 1262 2886 insectantibus

141 2926 290 2997 obnixos
304 2925 412 2994 fuisse
425 2950 433 3002 ;
447 2922 534 2992 alios
547 2928 664 2991 autem
678 2924 751 2991 Deo
767 2923 893 3015 gratias
908 2945 1010 3015 agere
1025 2923 1115 3014 quod
1125 2929 1260 2992 mature

140 3057 216 3104 rem
253 3031 478 3102 deseruerint.
513 3030 572 3100 Sic
601 3029 742 3099 veniam
771 3031 990 3123 profuturam
1015 3032 1259 3101 tantummodo

140 3140 337 3235 perpaucis,
357 3137 551 3231 iisdemque
568 3137 872 3230 pervicacissimis‚
901 3143 1003 3230 atque
1023 3160 1094 3205 una
1110 3137 1261 3207 homini·

140 3248 207 3318 665
223 3245 402 3339 religionis
415 3246 613 3315 libertatem
628 3243 892 3314 affectandbm'.

186 3355 374 3427 Orantibus
398 3360 438 3422 ut
452 3351 615 3422 omnibus
641 3352 881 3444 ignosceretur
908 3350 967 3441 qui
1001 3370 1062 3442 per
1090 3353 1260 3422 tumultus

141 3486 260 3557 regem
271 3460 496 3531 offendissent
508 3459 565 3528 diu
582 3481 790 3552 responsum
803 3459 850 3528 ita
862 3457 1022 3537 luerit,ut
1035 3457 1261 3552 diffugeretur

140 3569 192 3642 rei
214 3568 403 3641 auctoritas
425 3574 459 3638 et
475 3567 658 3661 negotium
672 3565 710 3635 in
726 3567 899 3636 incertum
912 3568 1063 3658 tempus,
1081 3565 1211 3637 scilicet
1224 3569 1261 3637 in

176 3792 197 3843 1.
217 3792 449 3856 Gorreepcuduccc
462 3790 495 3842 dc
508 3787 656 3849 Grcncelta
671 3790 692 3850 l,
707 3801 733 3853 p.
749 3788 804 3840 525.

176 3890 200 3942 2.
216 3890 296 3953 llic„
309 3890 341 3952 11,
357 3905 383 3956 6.
395 3890 436 3942 23.

174 3980 199 4031 ³.
214 3979 293 4042 ibid,
305 3979 339 4042 11,
354 3994 380 4045 6.
395 3979 435 4031 tt.

174 4072 199 4122 1.
211 4070 290 4131 ibid„
303 4070 337 4132 11,
351 4084 378 4134 6,
393 4068 502 4121 162403
511 4070 538 4120 et
553 4067 606 4118 198.

174 4158 201 4211 b.
211 4157 292 4222 ratu,
309 4159 340 4222 11,
355 4173 381 4224 6.
397 4158 452 4212 126.

173 4246 199 4300 6.
214 4246 291 4311 itta,
306 4248 340 4310 11,
354 4262 380 4313 6.
394 4247 451 4299 em.

175 4336 200 4389 7.
216 4337 296 4400 ltin,
307 4338 339 4400 ΙΙ,
354 4353 380 4402 6.
395 4336 450 4390 188.
