2958 5076
242 473 279 531 78
560 486 702 541 oueruooo
724 488 839 533 ssassr
859 487 1033 534 ossrrrrarr

239 630 445 700 calvinianis
457 632 641 723 juncturos
656 655 780 725 cogere
794 633 904 725 possit
917 640 939 700 ¹.
963 631 1094 701 Eodem
1116 637 1275 725 ternpore
1292 656 1352 724 quo

238 739 314 807 haec
348 738 610 809 Maximilianus
642 740 792 832 scripsit,
829 740 996 809 lenlisius
1031 762 1112 808 cum
1149 741 1353 831 quibusdam

239 845 543 917 Cameracensibus
559 847 730 915 seditiosis
746 845 788 915 de
810 846 999 915 Cameraco
1015 847 1215 938 occupando
1239 851 1354 938 conju-

239 954 337 1023 rabat
354 974 362 1023 :
380 977 461 1023 cum
489 957 606 1023 autom
635 977 716 1022 cum
737 955 938 1046 quingentis
961 955 1137 1045 equitibus
1164 955 1351 1034 accederet,

239 1063 333 1131 cives
348 1062 496 1132 Bohanii
518 1084 575 1131 eos
598 1060 894 1132 denuntiaverunt
913 1067 947 1130 et
968 1054 1133 1131 Jenlisius
1155 1084 1191 1131 se
1215 1063 1352 1154 recepit.

237 1169 358 1263 Itaque
379 1169 638 1239 Maximilianus
668 1175 834 1238 terrorem
866 1191 987 1237 rursus
1017 1170 1177 1259 concepit
1200 1176 1236 1237 et
1256 1171 1300 1237 ad
1320 1192 1356 1238 ea
1466 1216 1467 1243 i

240 1299 318 1369 quae
347 1277 438 1345 circa
460 1276 739 1346 Cameracesium
765 1275 928 1345 audiebat
954 1283 1013 1344 aut
1038 1274 1179 1343 videbat
1201 1275 1356 1344 animum

238 1385 351 1477 magis
366 1386 547 1478 magisque
562 1385 728 1455 attendit:
747 1385 834 1453 diel
858 1384 989 1453 mensis
1008 1383 1123 1453 Martii
1137 1383 1261 1454 Alavae
1284 1407 1356 1453 nar-

239 1497 292 1559 rat
323 1491 571 1565 cancellarium
596 1492 862 1570 brabantinum,
892 1515 996 1584 quem
1025 1491 1288 1571 Buscoducum,
1319 1493 1358 1560 ad

240 1598 445 1668 seditionem
462 1600 750 1692 componendam,
778 1599 961 1691 Margarita
980 1599 1133 1681 miserat,
1151 1622 1172 1666 a
1192 1599 1359 1668 Bredero·

240 1706 296 1775 dio
311 1706 568 1798 deprehensum
588 1713 694 1775 esse’.
718 1705 850 1776 Eodem
871 1727 991 1775 mense
1013 1705 1082 1796 (die
1104 1710 1124 1776 9
1147 1713 1180 1773 et
1203 1708 1259 1795 15)
1285 1705 1358 1774 dua
1466 1706 1467 1781 ζ

240 1814 318 1883 aliae
333 1814 469 1899 litterae,
484 1812 662 1903 aliquanto
678 1820 756 1881 ante
772 1813 1061 1882 Valentianarum
1076 1813 1259 1882 etCastelli
1270 1812 1360 1882 dedi·

240 1921 371 1990 tionem
387 1922 536 2012 seriptae,
555 1926 743 2013 supersunt
758 1919 781 1989 ⁸.

285 2029 372 2098 Cum
388 2029 443 2098 die
456 2031 498 2097 30
514 2029 645 2098 mensis
661 2027 854 2097 decembris
871 2030 956 2098 1566
983 2027 1166 2120 Philippus
1181 2029 1257 2097 Rex
1273 2029 1360 2097 Mar·
1466 2104 1467 2125 χ

240 2138 360 2229 garitae
381 2137 576 2228 scripsisset
594 2136 772 2204 Albanum
795 2158 974 2205 summum
996 2137 1179 2215 exercitus
1206 2160 1313 2229 quem
1328 2137 1361 2204 in

240 2244 402 2337 Belgium
417 2247 590 2313 missurus
604 2249 706 2322 esset,
724 2243 849 2311 ducem
870 2266 890 2310 a
911 2266 946 2311 se
968 2242 1120 2312 electum
1146 2266 1234 2323 esse,
1253 2244 1361 2312 Maxi-

241 2352 407 2421 milianus
421 2351 561 2421 tandem
572 2375 608 2420 se
618 2351 761 2435 auxilia,
780 2373 858 2441 quae
873 2349 910 2417 in
930 2350 1103 2443 plerisque
1119 2351 1245 2418 litteris
1262 2373 1363 2442 expo·
1466 2418 1467 2421 ,

240 2465 411 2553 posceret,
428 2465 651 2551 accepturum
667 2481 806 2549 sperare
827 2459 953 2549 potuit.
979 2458 1043 2527 llle
1059 2463 1176 2526 autem
1192 2459 1363 2527 exercitus
1466 2536 1467 2553 χ

241 2588 313 2634 non
336 2568 454 2635 minus
483 2566 694 2635 metuendus
727 2564 911 2634 videbatur
949 2587 1054 2655 quam
1091 2566 1158 2656 ipsi
1193 2565 1361 2632 seditiosi.

242 2674 401 2742 «Multis
423 2678 525 2753 certe,
551 2674 598 2742 ait
625 2674 698 2764 ipse
727 2673 879 2765 Viglius,
909 2673 1034 2740 Albani
1057 2673 1365 2765 Hispanorumque

241 2780 396 2849 militum
411 2780 581 2850 adventus
601 2781 759 2874 ingratus
779 2779 1098 2872 formidolosusque
1120 2786 1210 2848 est...
1232 2778 1366 2848 Omnes
1466 2784 1467 2787 ’

242 2889 284 2956 ab
299 2889 451 2980 Hispano
466 2888 577 2956 milite
591 2887 780 2958 abhorrent
793 2893 814 2954 ⁸.
833 2911 851 2954 ›
877 2888 1059 2978 Margarita
1081 2910 1220 2978 quoque
1247 2909 1365 2977 regem
1466 2878 1467 2893 ¹

241 2995 412 3065 abducere
428 3001 551 3064 conata
566 3001 619 3064 est
643 2994 684 3062 ab
707 3017 747 3062 eo
769 3003 936 3086 apparatu
958 3017 1149 3078 armorum,
1174 3016 1254 3084 quae
1276 2993 1365 3062 nulli

240 3105 313 3196 jam
328 3104 408 3172 usui
424 3103 491 3171 nisi
510 3101 614 3171 rebus
637 3103 763 3170 iterum
781 3100 962 3169 turbandis
991 3103 1110 3169 futura
1132 3106 1260 3185 essent,
1285 3123 1366 3168 cum

243 3211 396 3280 militum
409 3207 554 3279 iliorum
571 3209 696 3301 perditi
723 3230 837 3276 mores
866 3213 900 3275 et
929 3208 1071 3300 injurias
1098 3209 1171 3300 jam
1198 3213 1365 3299 spectatae

241 3319 404 3409 Belgium
418 3322 549 3386 terrore
565 3316 761 3408 implerent.
778 3313 905 3382 Albani
928 3315 1021 3383 enim
1046 3316 1218 3384 exercitus
1240 3315 1366 3407 viginti

242 3430 392 3515 quatuor
406 3425 560 3493 millium
576 3428 648 3492 erat
663 3423 736 3514 qui,
759 3431 792 3490 et
806 3421 918 3490 Italici
942 3427 976 3490 et
991 3423 1135 3514 Hispani
1151 3423 1308 3491 veterani
1324 3444 1366 3491 ex

242 3531 429 3601 Mediolani
445 3538 505 3600 ant
519 3531 684 3623 Neapolis
698 3529 870 3620 praesidiis
885 3527 1050 3608 revocati,
1069 3529 1276 3599 memoriam
1285 3553 1367 3598 con-

242 3638 481 3723 tumeliarum,
496 3638 622 3729 quibus
635 3637 753 3728 Belgae
766 3658 824 3705 eos
837 3632 952 3704 olime
968 3635 1090 3727 Belgio
1104 3659 1263 3727 egressos
1276 3637 1367 3704 inse

243 3745 315 3813 cuti
330 3752 440 3835 erant,
456 3769 529 3815 non
542 3768 642 3838 aequo
658 3745 775 3816 animo
789 3743 951 3812 tenebant
963 3748 987 3811 ⁸.

288 3851 331 3925 Ut
345 3853 382 3922 in
395 3852 738 3946 Lucemhurgensem
750 3849 968 3945 provinciam
987 3849 1134 3942 ingressi
1150 3855 1245 3928 sunt,
1271 3849 1365 3919 mili·

159 4084 162 4090 *
274 4010 296 4066 li
315 4005 393 4065 Arch.
407 4006 466 4064 Nata
482 4012 515 4064 Mt
529 4012 599 4067 1507·

272 4111 298 4165 2.
313 4112 381 4164 Ibid.

272 4210 297 4263 3.
313 4208 380 4261 ibid.

272 4310 297 4359 4.
313 4309 426 4360 Kssvm
439 4320 472 4358 nn
483 4305 669 4366 Larrsusovn
680 4304 701 4368 I,
713 4321 740 4371 p.
752 4306 809 4358 478.

272 4399 296 4458 52
315 4408 354 4468 lc,
369 4409 394 4472 J,
414 4421 439 4471 p.
458 4405 576 4457 4832484.
