2988 5078
263 395 303 455 34
612 411 652 457 ne
672 409 871 457 urrunnun
892 410 910 454 r
932 408 1038 455 erneis

261 575 347 645 copo
371 574 536 644 magnam
564 556 805 637 auctoritatem
824 554 1026 646 praestitisse
1041 551 1239 621 videretur:
1255 551 1380 645 quippe

262 660 415 752 quisine
442 660 562 731 fraude
592 662 772 741 simonica,
802 662 862 730 sed
886 666 1023 730 tantum
1052 664 1192 752 propter
1222 659 1378 743 virtutes,

259 789 370 858 genus
395 767 684 862 Granvellnnique
708 769 864 838 studium
886 769 993 839 libere
1020 792 1059 837 ac
1084 768 1239 836 maximo
1263 768 1379 860 populi

260 873 386 967 plausu
399 873 556 944 delectus
569 880 670 944 esset.

304 982 458 1075 Accepta
485 987 601 1052 eutem
629 982 814 1075 episcopali
847 982 1026 1074 dignitate,
1059 980 1322 1049 Maximilianus
1351 987 1382 1048 et

260 1091 417 1181 pontifici
432 1091 616 1183 episcopus
639 1095 671 1158 et
689 1089 881 1159 Germanice
901 1087 1107 1180 Imperatori
1127 1088 1198 1156 dux
1222 1087 1381 1156 Camera-

262 1198 376 1266 censis
393 1220 578 1290 comesque
589 1197 817 1266 Cameracesii
832 1201 876 1278 et,
895 1218 976 1264 cum
990 1195 1171 1264 castellum
1183 1218 1203 1263 a
1215 1194 1379 1264 CaroloV

265 1305 444 1374 Cameraci
460 1309 701 1373 constructum
731 1309 820 1371 esset
846 1308 879 1370 et
899 1303 934 1369 in
949 1302 1101 1393 episcopi
1122 1302 1381 1371 Cameracensis

260 1412 441 1504 provincia
456 1416 573 1480 essent
599 1410 776 1479 nonnulla·
809 1409 917 1500 Belgii
940 1412 1066 1500 partes,
1096 1408 1208 1500 Belgii
1235 1411 1382 1502 principi

259 1518 430 1588 obnoxius
448 1524 533 1588 erat.

303 1627 470 1694 Attamen
483 1626 665 1717 episcopus
690 1647 711 1692 a
732 1623 884 1717 capitulo
900 1623 1032 1692 electus
1056 1645 1127 1691 non
1150 1623 1263 1715 Belgii
1283 1625 1382 1715 prin-

262 1732 340 1825 cipi,
372 1733 431 1801 sed
463 1738 600 1801 tantum
633 1732 839 1823 Imperatori
869 1736 902 1799 et
935 1730 1090 1822 pontifici
1122 1731 1382 1801 confirmandus

262 1846 337 1909 erat
349 1846 382 1908 et
397 1839 638 1907 Ferdinandns
658 1839 853 1930 imperator
871 1836 1124 1918 Maximiliano,
1154 1837 1215 1906 uhi
1243 1838 1382 1908 electio·

261 1969 343 2015 nem
363 1953 475 2014 ratam
490 1946 624 2028 hahuit,
643 1968 785 2014 omnem
798 1943 1135 2014 administrationem
1152 1945 1383 2037 temporalem

262 2055 480 2147 episcopatus
493 2054 668 2122 commisit
688 2057 721 2120 et
736 2051 872 2120 litteras
889 2052 998 2135 misit,
1030 2077 1049 2118 c
1066 2051 1193 2144 quihus
1217 2075 1384 2146 compro-

262 2160 376 2231 bando
390 2160 596 2230 electionem
612 2165 780 2249 tanquam
799 2159 875 2240 rite,
894 2159 1027 2228 sincere
1042 2182 1081 2227 ac
1096 2159 1137 2228 de
1153 2159 1246 2228 hono
1262 2166 1297 2229 et
1312 2160 1383 2229 ido·

262 2291 328 2338 neo
345 2269 421 2336 viro
452 2270 593 2347 laetam,
628 2268 786 2358 ipsum...
817 2267 1010 2358 principem
1032 2266 1169 2358 imperii
1200 2269 1383 2337 nominare

262 2377 459 2468 regaliaque
473 2399 511 2443 ac
525 2374 694 2465 regalium
716 2372 936 2465 aliorumque
953 2372 1085 2464 jurium
1102 2374 1258 2465 praedicti
1278 2374 1383 2444 duca·
1477 2440 1478 2461 ,

264 2490 319 2553 tus
336 2507 355 2552 e
372 2506 469 2552 sacro
488 2482 634 2573 imperio
659 2479 928 2574 dependentium
960 2480 1174 2566 exercitium,
1204 2484 1385 2552 favorabi-
1477 2476 1478 2483 ἵ

263 2592 343 2660 liter
355 2589 544 2657 concedere
560 2593 592 2656 et
607 2588 823 2656 committere
838 2587 1000 2678 dignatus
1019 2594 1070 2655 est
1084 2592 1149 2670 ¹,...
1176 2593 1382 2682 praesertim,

267 2696 362 2766 addit
375 2695 629 2778 FerdinanduS‚
651 2718 731 2763 cum
754 2717 835 2762 eum
854 2700 993 2786 propter
1011 2695 1204 2786 singulares
1229 2696 1305 2787 ejus
1322 2700 1386 2768 vir-

267 2809 357 2873 tutes
373 2802 559 2895 episcopeli
576 2825 724 2870 munere
747 2802 893 2891 dignum
919 2823 993 2869 esse
1019 2823 1089 2868 non
1106 2803 1211 2871 modo
1239 2804 1282 2873 ab
1309 2806 1385 2874 aliis

267 2913 334 2981 lide
362 2910 475 3003 dignis
498 2909 705 2977 authoribus
727 2909 975 3000 acceperimus,
1009 2908 1067 2976 sed
1094 2910 1234 3000 ipsimet
1253 2914 1337 2980 satis
1352 2920 1384 2982 et

268 3018 405 3088 abunde
419 3018 685 3108 cognoverimus
701 3016 723 3084 ².
743 3041 761 3081 s
814 3070 819 3078 .

312 3128 375 3195 His
389 3125 548 3194 laudibus
563 3122 844 3191 Maximilienum
867 3122 1014 3213 collegio
1035 3122 1261 3193 cardinalium
1276 3125 1385 3220 lmpe·

268 3241 363 3304 rator
376 3231 644 3313 commendavit,
664 3236 704 3298 ut
729 3253 749 3297 a
773 3229 943 3297 Pontifice
971 3229 1171 3298 canonicam
1196 3234 1386 3304 confirma-

268 3343 399 3410 tionem
427 3341 639 3430 impetraret.
672 3337 875 3404 Triennium
908 3341 1024 3405 autem
1048 3341 1161 3405 totum
1191 3339 1385 3411 intercessit

269 3454 454 3539 autequam
468 3445 643 3515 delectum
659 3442 790 3512 Paulus
804 3444 853 3512 IV
869 3444 1098 3526 confirmavit,
1115 3445 1174 3536 qui
1190 3446 1277 3515 citra
1290 3450 1386 3543 capi-

269 3556 332 3623 tuli
364 3558 423 3646 Jus
458 3554 658 3644 episcopum
688 3551 974 3619 Cameracensem
1002 3551 1046 3619 ad
1074 3550 1259 3621 arbitrium
1288 3556 1385 3625 insti-

267 3672 366 3731 tuere
397 3659 575 3729 contendit
603 3682 642 3727 ac
671 3657 850 3726 decretum
879 3656 974 3726 dedit
1006 3666 1163 3728 «contra
1194 3663 1385 3753 cepitulum

269 3769 517 3838 Cameracense
538 3765 755 3859 praetendens
779 3768 838 3857 jus
868 3763 1048 3834 electionis
1077 3766 1120 3834 ed
1149 3769 1385 3861 episcopatum

269 3876 555 3945 Cameracensem
571 3872 613 3941 ad
629 3873 851 3963 sepertinere
868 3869 889 3940 ⁸.
909 3898 927 3938 s

298 4092 321 4142 l.
338 4093 413 4144 tiber
426 4106 476 4144 rec.
492 4092 564 4142 titul.
581 4091 652 4141 nect.
669 4091 754 4152 Cam„
769 4090 825 4154 221,
840 4107 866 4156 p.
879 4091 921 4142 95.

297 4190 322 4242 2.
338 4191 391 4252 ld„
406 4207 432 4256 p.
450 4191 509 4242 205.

300 4289 325 4340 3.
351 4296 403 4356 ld„
417 4305 443 4356 p.
457 4289 510 4344 107.
