<?xml version="1.0" encoding="UTF-8"?>
<!DOCTYPE html PUBLIC "-//W3C//DTD XHTML 1.0 Transitional//EN"
    "http://www.w3.org/TR/xhtml1/DTD/xhtml1-transitional.dtd">
<html xmlns="http://www.w3.org/1999/xhtml" xml:lang="en" lang="en">
 <head>
  <title>
</title>
<meta http-equiv="Content-Type" content="text/html;charset=utf-8" />
  <meta name='ocr-system' content='tesseract 3.04.00' />
  <meta name='ocr-capabilities' content='ocr_page ocr_carea ocr_par ocr_line ocrx_word'/>
</head>
<body>
  <div class='ocr_page' id='page_1' title='image "./demaximilianoab00cardgoog_0170.png"; bbox 0 0 2968 5072; ppageno 0'>
   <div class='ocr_carea' id='block_1_1' title="bbox 369 382 1237 446">
    <p class='ocr_par' dir='ltr' id='par_1_1' title="bbox 369 382 1237 446">
     <span class='ocr_line' id='line_1_1' title="bbox 369 382 1237 446; baseline 0.002 -2"><span class='ocrx_word' id='word_1_1' title='bbox 369 397 410 445; x_wconf 87' lang='lat' dir='ltr'><strong>oa</strong></span> <span class='ocrx_word' id='word_1_2' title='bbox 430 394 630 443; x_wconf 67' lang='lat' dir='ltr'><strong>saumuro</strong></span> <span class='ocrx_word' id='word_1_3' title='bbox 652 393 828 439; x_wconf 72' lang='lat' dir='ltr'><strong>aerumna</strong></span> <span class='ocrx_word' id='word_1_4' title='bbox 849 394 983 441; x_wconf 75' lang='lat' dir='ltr'><strong>suescas</strong></span> <span class='ocrx_word' id='word_1_5' title='bbox 1179 382 1237 446; x_wconf 77' lang='grc'><strong>111</strong></span> 
     </span>
    </p>
   </div>
   <div class='ocr_carea' id='block_1_2' title="bbox 113 538 1239 744">
    <p class='ocr_par' dir='ltr' id='par_1_2' title="bbox 113 538 1239 744">
     <span class='ocr_line' id='line_1_2' title="bbox 113 538 1239 635; baseline 0 -22"><span class='ocrx_word' id='word_1_6' title='bbox 113 541 370 635; x_wconf 79' lang='lat' dir='ltr'><strong>componendis</strong></span> <span class='ocrx_word' id='word_1_7' title='bbox 382 542 626 611; x_wconf 72' lang='lat' dir='ltr'><strong>haereticorum</strong></span> <span class='ocrx_word' id='word_1_8' title='bbox 641 538 850 607; x_wconf 77' lang='lat' dir='ltr'><strong>tumultibus</strong></span> <span class='ocrx_word' id='word_1_9' title='bbox 864 539 915 608; x_wconf 87' lang='lat' dir='ltr'><strong>ita</strong></span> <span class='ocrx_word' id='word_1_10' title='bbox 929 541 1043 634; x_wconf 91' lang='lat' dir='ltr'><strong>segnis</strong></span> <span class='ocrx_word' id='word_1_11' title='bbox 1058 542 1139 627; x_wconf 84' lang='lat' dir='ltr'><strong>fuit,</strong></span> <span class='ocrx_word' id='word_1_12' title='bbox 1148 548 1187 612; x_wconf 94' lang='lat' dir='ltr'><strong>ut</strong></span> <span class='ocrx_word' id='word_1_13' title='bbox 1200 544 1239 613; x_wconf 92' lang='lat' dir='ltr'><strong>in</strong></span> 
     </span>
     <span class='ocr_line' id='line_1_3' title="bbox 114 645 1239 744; baseline 0 -23"><span class='ocrx_word' id='word_1_14' title='bbox 114 651 355 744; x_wconf 76' lang='lat' dir='ltr'><strong>Hispanorum</strong></span> <span class='ocrx_word' id='word_1_15' title='bbox 386 647 622 743; x_wconf 86' lang='lat' dir='ltr'><strong>suspicionem</strong></span> <span class='ocrx_word' id='word_1_16' title='bbox 657 652 689 714; x_wconf 88' lang='lat' dir='ltr'><strong>et</strong></span> <span class='ocrx_word' id='word_1_17' title='bbox 723 645 887 715; x_wconf 73' lang='lat' dir='ltr'>ceciderit</span> <span class='ocrx_word' id='word_1_18' title='bbox 921 652 956 716; x_wconf 91' lang='lat' dir='ltr'><strong>et</strong></span> <span class='ocrx_word' id='word_1_19' title='bbox 988 671 1051 717; x_wconf 89' lang='lat' dir='ltr'><strong>sua</strong></span> <span class='ocrx_word' id='word_1_20' title='bbox 1084 650 1239 721; x_wconf 86' lang='lat' dir='ltr'><strong>amicitia</strong></span> 
     </span>
    </p>
   </div>
   <div class='ocr_carea' id='block_1_3' title="bbox 109 752 1240 3959">
    <p class='ocr_par' dir='ltr' id='par_1_3' title="bbox 109 752 1240 3423">
     <span class='ocr_line' id='line_1_4' title="bbox 113 752 1240 849; baseline -0.001 -20"><span class='ocrx_word' id='word_1_21' title='bbox 113 757 396 830; x_wconf 81' lang='lat' dir='ltr'><strong>Maximilianum</strong></span> <span class='ocrx_word' id='word_1_22' title='bbox 428 757 544 849; x_wconf 91' lang='lat' dir='ltr'><strong>ipsum</strong></span> <span class='ocrx_word' id='word_1_23' title='bbox 578 776 833 846; x_wconf 86' lang='lat' dir='ltr'><strong>nonnunquam</strong></span> <span class='ocrx_word' id='word_1_24' title='bbox 866 752 1060 825; x_wconf 87' lang='lat' dir='ltr'><strong>adduxerit.</strong></span> <span class='ocrx_word' id='word_1_25' title='bbox 1097 758 1240 829; x_wconf 82' lang='lat' dir='ltr'><strong>Frustra</strong></span> 
     </span>
     <span class='ocr_line' id='line_1_5' title="bbox 112 860 1240 958; baseline -0.001 -22"><span class='ocrx_word' id='word_1_26' title='bbox 112 866 298 958; x_wconf 79' lang='lat' dir='ltr'><strong>Margarita</strong></span> <span class='ocrx_word' id='word_1_27' title='bbox 309 871 344 934; x_wconf 91' lang='lat' dir='ltr'><strong>et</strong></span> <span class='ocrx_word' id='word_1_28' title='bbox 357 863 543 956; x_wconf 87' lang='lat' dir='ltr'><strong>Philippus</strong></span> <span class='ocrx_word' id='word_1_29' title='bbox 558 883 630 931; x_wconf 91' lang='lat' dir='ltr'><strong>non</strong></span> <span class='ocrx_word' id='word_1_30' title='bbox 644 863 753 931; x_wconf 90' lang='lat' dir='ltr'><strong>semel</strong></span> <span class='ocrx_word' id='word_1_31' title='bbox 766 860 798 930; x_wconf 91' lang='lat' dir='ltr'><strong>ei</strong></span> <span class='ocrx_word' id='word_1_32' title='bbox 818 861 1032 954; x_wconf 88' lang='lat' dir='ltr'><strong>seripserunt</strong></span> <span class='ocrx_word' id='word_1_33' title='bbox 1046 873 1086 933; x_wconf 90' lang='lat' dir='ltr'><strong>ut</strong></span> <span class='ocrx_word' id='word_1_34' title='bbox 1102 866 1240 935; x_wconf 80' lang='lat' dir='ltr'><strong>saeviret</strong></span> 
     </span>
     <span class='ocr_line' id='line_1_6' title="bbox 113 970 1239 1065; baseline 0 -22"><span class='ocrx_word' id='word_1_35' title='bbox 113 980 150 1043; x_wconf 92' lang='lat' dir='ltr'><strong>et</strong></span> <span class='ocrx_word' id='word_1_36' title='bbox 171 973 301 1065; x_wconf 77' lang='lat' dir='ltr'><strong>sapius</strong></span> <span class='ocrx_word' id='word_1_37' title='bbox 323 970 543 1041; x_wconf 88' lang='lat' dir='ltr'><strong>Valentianis</strong></span> <span class='ocrx_word' id='word_1_38' title='bbox 560 973 727 1053; x_wconf 88' lang='lat' dir='ltr'><strong>maneret,</strong></span> <span class='ocrx_word' id='word_1_39' title='bbox 747 992 829 1038; x_wconf 89' lang='lat' dir='ltr'><strong>oum</strong></span> <span class='ocrx_word' id='word_1_40' title='bbox 852 970 1004 1040; x_wconf 84' lang='lat' dir='ltr'><strong>maxime</strong></span> <span class='ocrx_word' id='word_1_41' title='bbox 1027 970 1080 1041; x_wconf 93' lang='lat' dir='ltr'><strong>illi</strong></span> <span class='ocrx_word' id='word_1_42' title='bbox 1106 971 1239 1043; x_wconf 87' lang='lat' dir='ltr'><strong>civitati</strong></span> 
     </span>
     <span class='ocr_line' id='line_1_7' title="bbox 113 1076 1240 1177; baseline 0 -27"><span class='ocrx_word' id='word_1_43' title='bbox 113 1087 199 1150; x_wconf 90' lang='lat' dir='ltr'><strong>tunc</strong></span> <span class='ocrx_word' id='word_1_44' title='bbox 214 1078 466 1150; x_wconf 91' lang='lat' dir='ltr'><strong>attendendum</strong></span> <span class='ocrx_word' id='word_1_45' title='bbox 482 1082 572 1147; x_wconf 88' lang='lat' dir='ltr'><strong>esset</strong></span> <span class='ocrx_word' id='word_1_46' title='bbox 587 1076 608 1146; x_wconf 89' lang='lat'><strong>¹.</strong></span> <span class='ocrx_word' id='word_1_47' title='bbox 626 1077 779 1147; x_wconf 88' lang='lat' dir='ltr'><strong>Marohio</strong></span> <span class='ocrx_word' id='word_1_48' title='bbox 795 1081 912 1146; x_wconf 85' lang='lat' dir='ltr'><strong>eutem</strong></span> <span class='ocrx_word' id='word_1_49' title='bbox 933 1101 954 1146; x_wconf 90' lang='lat' dir='ltr'><strong>a</strong></span> <span class='ocrx_word' id='word_1_50' title='bbox 973 1100 1038 1149; x_wconf 88' lang='lat' dir='ltr'><strong>sua</strong></span> <span class='ocrx_word' id='word_1_51' title='bbox 1059 1080 1240 1177; x_wconf 85' lang='lat' dir='ltr'><strong>provincia</strong></span> 
     </span>
     <span class='ocr_line' id='line_1_8' title="bbox 114 1183 1240 1279; baseline 0 -22"><span class='ocrx_word' id='word_1_52' title='bbox 114 1188 310 1279; x_wconf 70' lang='lat' dir='ltr'><strong>saepissime</strong></span> <span class='ocrx_word' id='word_1_53' title='bbox 323 1185 444 1255; x_wconf 87' lang='lat' dir='ltr'><strong>aberat</strong></span> <span class='ocrx_word' id='word_1_54' title='bbox 457 1189 492 1254; x_wconf 90' lang='lat' dir='ltr'><strong>et</strong></span> <span class='ocrx_word' id='word_1_55' title='bbox 503 1183 675 1254; x_wconf 89' lang='lat' dir='ltr'><strong>Leodium</strong></span> <span class='ocrx_word' id='word_1_56' title='bbox 690 1183 734 1251; x_wconf 92' lang='lat' dir='ltr'><strong>ad</strong></span> <span class='ocrx_word' id='word_1_57' title='bbox 747 1185 903 1268; x_wconf 86' lang='lat' dir='ltr'><strong>fratrem,</strong></span> <span class='ocrx_word' id='word_1_58' title='bbox 921 1185 999 1277; x_wconf 87' lang='lat' dir='ltr'><strong>ejus</strong></span> <span class='ocrx_word' id='word_1_59' title='bbox 1014 1187 1112 1256; x_wconf 88' lang='lat' dir='ltr'><strong>urbis</strong></span> <span class='ocrx_word' id='word_1_60' title='bbox 1127 1190 1240 1257; x_wconf 88' lang='lat' dir='ltr'><strong>antis-</strong></span> 
     </span>
     <span class='ocr_line' id='line_1_9' title="bbox 113 1290 1238 1383; baseline 0.003 -20"><span class='ocrx_word' id='word_1_61' title='bbox 113 1296 226 1378; x_wconf 76' lang='lat' dir='ltr'><strong>titem,</strong></span> <span class='ocrx_word' id='word_1_62' title='bbox 256 1294 340 1374; x_wconf 85' lang='lat' dir='ltr'><strong>ibat,</strong></span> <span class='ocrx_word' id='word_1_63' title='bbox 362 1298 402 1361; x_wconf 91' lang='lat' dir='ltr'><strong>ut</strong></span> <span class='ocrx_word' id='word_1_64' title='bbox 428 1291 470 1361; x_wconf 97' lang='lat' dir='ltr'><strong>de</strong></span> <span class='ocrx_word' id='word_1_65' title='bbox 497 1290 594 1360; x_wconf 90' lang='lat' dir='ltr'><strong>illius</strong></span> <span class='ocrx_word' id='word_1_66' title='bbox 621 1290 772 1383; x_wconf 89' lang='lat' dir='ltr'><strong>graviter</strong></span> <span class='ocrx_word' id='word_1_67' title='bbox 797 1292 997 1381; x_wconf 77' lang='lat' dir='ltr'><strong>agrotantis</strong></span> <span class='ocrx_word' id='word_1_68' title='bbox 1021 1293 1238 1366; x_wconf 80' lang='lat' dir='ltr'><strong>abdicatione</strong></span> 
     </span>
     <span class='ocr_line' id='line_1_10' title="bbox 114 1398 1238 1494; baseline 0.001 -23"><span class='ocrx_word' id='word_1_69' title='bbox 114 1424 197 1471; x_wconf 91' lang='lat' dir='ltr'><strong>cum</strong></span> <span class='ocrx_word' id='word_1_70' title='bbox 224 1398 377 1492; x_wconf 88' lang='lat' dir='ltr'><strong>capitulo</strong></span> <span class='ocrx_word' id='word_1_71' title='bbox 397 1403 526 1492; x_wconf 85' lang='lat' dir='ltr'><strong>ageret.</strong></span> <span class='ocrx_word' id='word_1_72' title='bbox 552 1399 583 1468; x_wconf 90' lang='lat' dir='ltr'>A</span> <span class='ocrx_word' id='word_1_73' title='bbox 600 1398 785 1490; x_wconf 87' lang='lat' dir='ltr'><strong>Margarita</strong></span> <span class='ocrx_word' id='word_1_74' title='bbox 804 1402 988 1491; x_wconf 88' lang='lat' dir='ltr'><strong>propterea</strong></span> <span class='ocrx_word' id='word_1_75' title='bbox 1006 1402 1238 1494; x_wconf 90' lang='lat' dir='ltr'><strong>reprehensus</strong></span> 
     </span>
     <span class='ocr_line' id='line_1_11' title="bbox 114 1504 1237 1602; baseline 0.001 -24"><span class='ocrx_word' id='word_1_76' title='bbox 114 1509 333 1578; x_wconf 89' lang='lat' dir='ltr'><strong>tumultuum</strong></span> <span class='ocrx_word' id='word_1_77' title='bbox 358 1528 499 1576; x_wconf 87' lang='lat' dir='ltr'><strong>oausam</strong></span> <span class='ocrx_word' id='word_1_78' title='bbox 525 1527 599 1574; x_wconf 89' lang='lat' dir='ltr'><strong>esse</strong></span> <span class='ocrx_word' id='word_1_79' title='bbox 622 1504 769 1577; x_wconf 89' lang='lat' dir='ltr'><strong>elericos</strong></span> <span class='ocrx_word' id='word_1_80' title='bbox 791 1505 1025 1599; x_wconf 88' lang='lat' dir='ltr'><strong>respondebat</strong></span> <span class='ocrx_word' id='word_1_81' title='bbox 1050 1509 1237 1602; x_wconf 90' lang='lat' dir='ltr'><strong>ipsumque</strong></span> 
     </span>
     <span class='ocr_line' id='line_1_12' title="bbox 113 1612 1234 1708; baseline 0 -23"><span class='ocrx_word' id='word_1_82' title='bbox 113 1613 408 1693; x_wconf 83' lang='lat' dir='ltr'><strong>Maximiliauum,</strong></span> <span class='ocrx_word' id='word_1_83' title='bbox 434 1612 536 1704; x_wconf 84' lang='lat' dir='ltr'><strong>cujus</strong></span> <span class='ocrx_word' id='word_1_84' title='bbox 556 1612 751 1682; x_wconf 81' lang='lat' dir='ltr'><strong>sacerdotes</strong></span> <span class='ocrx_word' id='word_1_85' title='bbox 770 1612 903 1682; x_wconf 90' lang='lat' dir='ltr'><strong>indocti</strong></span> <span class='ocrx_word' id='word_1_86' title='bbox 924 1615 1090 1708; x_wconf 90' lang='lat' dir='ltr'><strong>pravique</strong></span> <span class='ocrx_word' id='word_1_87' title='bbox 1106 1622 1234 1686; x_wconf 90' lang='lat' dir='ltr'><strong>essent.</strong></span> 
     </span>
     <span class='ocr_line' id='line_1_13' title="bbox 115 1717 1235 1816; baseline 0.002 -25"><span class='ocrx_word' id='word_1_88' title='bbox 115 1722 311 1815; x_wconf 86' lang='lat' dir='ltr'><strong>Margaritae</strong></span> <span class='ocrx_word' id='word_1_89' title='bbox 333 1720 438 1789; x_wconf 87' lang='lat' dir='ltr'><strong>etiam</strong></span> <span class='ocrx_word' id='word_1_90' title='bbox 459 1717 629 1810; x_wconf 80' lang='lat' dir='ltr'><strong>quaereuti</strong></span> <span class='ocrx_word' id='word_1_91' title='bbox 653 1718 830 1811; x_wconf 91' lang='lat' dir='ltr'><strong>quomodo</strong></span> <span class='ocrx_word' id='word_1_92' title='bbox 853 1743 908 1788; x_wconf 92' lang='lat' dir='ltr'><strong>res</strong></span> <span class='ocrx_word' id='word_1_93' title='bbox 930 1722 1068 1791; x_wconf 89' lang='lat' dir='ltr'><strong>restitui</strong></span> <span class='ocrx_word' id='word_1_94' title='bbox 1082 1729 1235 1816; x_wconf 88' lang='lat' dir='ltr'><strong>possent,</strong></span> 
     </span>
     <span class='ocr_line' id='line_1_14' title="bbox 114 1825 1239 1923; baseline 0.001 -24"><span class='ocrx_word' id='word_1_95' title='bbox 114 1852 186 1899; x_wconf 90' lang='lat' dir='ltr'><strong>uon</strong></span> <span class='ocrx_word' id='word_1_96' title='bbox 201 1850 407 1920; x_wconf 89' lang='lat' dir='ltr'><strong>sangumem</strong></span> <span class='ocrx_word' id='word_1_97' title='bbox 421 1825 595 1911; x_wconf 84' lang='lat' dir='ltr'><strong>faciendo,</strong></span> <span class='ocrx_word' id='word_1_98' title='bbox 621 1826 681 1895; x_wconf 90' lang='lat' dir='ltr'><strong>sed</strong></span> <span class='ocrx_word' id='word_1_99' title='bbox 699 1825 909 1918; x_wconf 90' lang='lat' dir='ltr'><strong>prudentias</strong></span> <span class='ocrx_word' id='word_1_100' title='bbox 931 1833 966 1896; x_wconf 96' lang='lat' dir='ltr'><strong>et</strong></span> <span class='ocrx_word' id='word_1_101' title='bbox 984 1828 1026 1898; x_wconf 90' lang='lat' dir='ltr'><strong>ab</strong></span> <span class='ocrx_word' id='word_1_102' title='bbox 1045 1830 1122 1923; x_wconf 88' lang='lat' dir='ltr'><strong>ipso</strong></span> <span class='ocrx_word' id='word_1_103' title='bbox 1141 1830 1239 1900; x_wconf 86' lang='lat' dir='ltr'><strong>velut</strong></span> 
     </span>
     <span class='ocr_line' id='line_1_15' title="bbox 113 1932 1238 2029; baseline 0.003 -24"><span class='ocrx_word' id='word_1_104' title='bbox 113 1938 210 2007; x_wconf 84' lang='lat' dir='ltr'><strong>fonte</strong></span> <span class='ocrx_word' id='word_1_105' title='bbox 234 1934 370 2004; x_wconf 89' lang='lat' dir='ltr'><strong>malum</strong></span> <span class='ocrx_word' id='word_1_106' title='bbox 396 1932 585 2026; x_wconf 91' lang='lat' dir='ltr'><strong>repetendo</strong></span> <span class='ocrx_word' id='word_1_107' title='bbox 609 1933 798 2026; x_wconf 81' lang='lat' dir='ltr'><strong>rescripsit.</strong></span> <span class='ocrx_word' id='word_1_108' title='bbox 821 1934 971 2004; x_wconf 90' lang='lat' dir='ltr'><strong>Instanti</strong></span> <span class='ocrx_word' id='word_1_109' title='bbox 990 1959 1061 2005; x_wconf 93' lang='lat' dir='ltr'><strong>non</strong></span> <span class='ocrx_word' id='word_1_110' title='bbox 1077 1939 1238 2029; x_wconf 84' lang='lat' dir='ltr'><strong>patefecit</strong></span> 
     </span>
     <span class='ocr_line' id='line_1_16' title="bbox 112 2042 1238 2138; baseline 0.001 -25"><span class='ocrx_word' id='word_1_111' title='bbox 112 2042 197 2138; x_wconf 83' lang='lat' dir='ltr'><strong>quid</strong></span> <span class='ocrx_word' id='word_1_112' title='bbox 224 2043 396 2136; x_wconf 87' lang='lat' dir='ltr'><strong>optimum</strong></span> <span class='ocrx_word' id='word_1_113' title='bbox 422 2064 497 2111; x_wconf 90' lang='lat' dir='ltr'><strong>esse</strong></span> <span class='ocrx_word' id='word_1_114' title='bbox 521 2045 694 2117; x_wconf 87' lang='lat' dir='ltr'><strong>censeret;</strong></span> <span class='ocrx_word' id='word_1_115' title='bbox 720 2064 835 2110; x_wconf 87' lang='lat' dir='ltr'><strong>arcem</strong></span> <span class='ocrx_word' id='word_1_116' title='bbox 858 2046 995 2111; x_wconf 90' lang='lat' dir='ltr'><strong>tentum</strong></span> <span class='ocrx_word' id='word_1_117' title='bbox 1018 2043 1238 2114; x_wconf 85' lang='lat' dir='ltr'><strong>Valentianis</strong></span> 
     </span>
     <span class='ocr_line' id='line_1_17' title="bbox 112 2148 1236 2245; baseline 0.003 -25"><span class='ocrx_word' id='word_1_118' title='bbox 112 2149 341 2220; x_wconf 89' lang='lat' dir='ltr'><strong>muniendam</strong></span> <span class='ocrx_word' id='word_1_119' title='bbox 375 2148 555 2242; x_wconf 80' lang='lat' dir='ltr'><strong>protessus</strong></span> <span class='ocrx_word' id='word_1_120' title='bbox 588 2154 651 2231; x_wconf 90' lang='lat' dir='ltr'><strong>est,</strong></span> <span class='ocrx_word' id='word_1_121' title='bbox 680 2170 757 2240; x_wconf 72' lang='lat' dir='ltr'><strong>quae</strong></span> <span class='ocrx_word' id='word_1_122' title='bbox 790 2148 977 2241; x_wconf 77' lang='lat' dir='ltr'><strong>Margarita</strong></span> <span class='ocrx_word' id='word_1_123' title='bbox 1011 2156 1108 2232; x_wconf 89' lang='lat' dir='ltr'><strong>tune,</strong></span> <span class='ocrx_word' id='word_1_124' title='bbox 1141 2153 1236 2245; x_wconf 89' lang='lat' dir='ltr'><strong>Rege</strong></span> 
     </span>
     <span class='ocr_line' id='line_1_18' title="bbox 110 2253 1238 2348; baseline 0.003 -21"><span class='ocrx_word' id='word_1_125' title='bbox 110 2258 265 2341; x_wconf 86' lang='lat' dir='ltr'><strong>absente,</strong></span> <span class='ocrx_word' id='word_1_126' title='bbox 282 2256 357 2324; x_wconf 86' lang='lat' dir='ltr'><strong>fleri</strong></span> <span class='ocrx_word' id='word_1_127' title='bbox 369 2279 441 2324; x_wconf 91' lang='lat' dir='ltr'><strong>non</strong></span> <span class='ocrx_word' id='word_1_128' title='bbox 453 2276 554 2348; x_wconf 90' lang='lat' dir='ltr'><strong>posse</strong></span> <span class='ocrx_word' id='word_1_129' title='bbox 567 2254 751 2325; x_wconf 87' lang='lat' dir='ltr'><strong>videbatur</strong></span> <span class='ocrx_word' id='word_1_130' title='bbox 765 2253 789 2323; x_wconf 90' lang='lat'><strong>¹.</strong></span> <span class='ocrx_word' id='word_1_131' title='bbox 802 2257 968 2326; x_wconf 89' lang='lat' dir='ltr'><strong>Attamen</strong></span> <span class='ocrx_word' id='word_1_132' title='bbox 980 2259 1134 2329; x_wconf 87' lang='lat' dir='ltr'><strong>marchio</strong></span> <span class='ocrx_word' id='word_1_133' title='bbox 1149 2261 1238 2330; x_wconf 91' lang='lat' dir='ltr'><strong>duos</strong></span> 
     </span>
     <span class='ocr_line' id='line_1_19' title="bbox 113 2361 1237 2455; baseline 0.002 -21"><span class='ocrx_word' id='word_1_134' title='bbox 113 2364 311 2434; x_wconf 85' lang='lat' dir='ltr'><strong>Calviniaui</strong></span> <span class='ocrx_word' id='word_1_135' title='bbox 338 2361 519 2455; x_wconf 80' lang='lat' dir='ltr'><strong>Evangelii</strong></span> <span class='ocrx_word' id='word_1_136' title='bbox 545 2361 766 2431; x_wconf 90' lang='lat' dir='ltr'><strong>bucinatores</strong></span> <span class='ocrx_word' id='word_1_137' title='bbox 793 2362 941 2433; x_wconf 88' lang='lat' dir='ltr'><strong>vinculis</strong></span> <span class='ocrx_word' id='word_1_138' title='bbox 969 2367 1150 2449; x_wconf 82' lang='lat' dir='ltr'><strong>coercuit3</strong></span> <span class='ocrx_word' id='word_1_139' title='bbox 1178 2367 1237 2438; x_wconf 93' lang='lat' dir='ltr'><strong>sed</strong></span> 
     </span>
     <span class='ocr_line' id='line_1_20' title="bbox 112 2466 1238 2568; baseline 0.002 -26"><span class='ocrx_word' id='word_1_140' title='bbox 112 2466 235 2555; x_wconf 87' lang='lat' dir='ltr'><strong>dilato,</strong></span> <span class='ocrx_word' id='word_1_141' title='bbox 255 2476 374 2541; x_wconf 89' lang='lat' dir='ltr'><strong>contra</strong></span> <span class='ocrx_word' id='word_1_142' title='bbox 394 2492 502 2563; x_wconf 89' lang='lat' dir='ltr'><strong>quam</strong></span> <span class='ocrx_word' id='word_1_143' title='bbox 521 2492 542 2537; x_wconf 92' lang='lat' dir='ltr'><strong>a</strong></span> <span class='ocrx_word' id='word_1_144' title='bbox 561 2467 747 2562; x_wconf 87' lang='lat' dir='ltr'><strong>Margarita</strong></span> <span class='ocrx_word' id='word_1_145' title='bbox 760 2470 881 2562; x_wconf 87' lang='lat' dir='ltr'><strong>jassus</strong></span> <span class='ocrx_word' id='word_1_146' title='bbox 902 2480 987 2552; x_wconf 88' lang='lat' dir='ltr'><strong>erat,</strong></span> <span class='ocrx_word' id='word_1_147' title='bbox 1010 2483 1133 2543; x_wconf 86' lang='lat' dir='ltr'><strong>eorum</strong></span> <span class='ocrx_word' id='word_1_148' title='bbox 1157 2498 1238 2568; x_wconf 84' lang='lat' dir='ltr'><strong>sup·</strong></span> 
     </span>
     <span class='ocr_line' id='line_1_21' title="bbox 111 2576 1235 2673; baseline 0.004 -24"><span class='ocrx_word' id='word_1_149' title='bbox 111 2579 230 2673; x_wconf 87' lang='lat' dir='ltr'><strong>plioio,</strong></span> <span class='ocrx_word' id='word_1_150' title='bbox 247 2578 391 2647; x_wconf 87' lang='lat' dir='ltr'><strong>instanti</strong></span> <span class='ocrx_word' id='word_1_151' title='bbox 416 2576 653 2670; x_wconf 87' lang='lat' dir='ltr'><strong>gubernatrici</strong></span> <span class='ocrx_word' id='word_1_152' title='bbox 679 2577 856 2670; x_wconf 91' lang='lat' dir='ltr'><strong>respoudit</strong></span> <span class='ocrx_word' id='word_1_153' title='bbox 882 2601 954 2649; x_wconf 95' lang='lat' dir='ltr'><strong>non</strong></span> <span class='ocrx_word' id='word_1_154' title='bbox 978 2602 1053 2650; x_wconf 90' lang='lat' dir='ltr'><strong>esse</strong></span> <span class='ocrx_word' id='word_1_155' title='bbox 1079 2583 1235 2653; x_wconf 90' lang='lat' dir='ltr'><strong>muneris</strong></span> 
     </span>
     <span class='ocr_line' id='line_1_22' title="bbox 111 2683 1237 2780; baseline 0.004 -24"><span class='ocrx_word' id='word_1_156' title='bbox 111 2709 226 2780; x_wconf 90' lang='lat' dir='ltr'><strong>neque</strong></span> <span class='ocrx_word' id='word_1_157' title='bbox 234 2684 364 2778; x_wconf 91' lang='lat' dir='ltr'><strong>ingenii</strong></span> <span class='ocrx_word' id='word_1_158' title='bbox 375 2686 429 2754; x_wconf 90' lang='lat' dir='ltr'><strong>sui</strong></span> <span class='ocrx_word' id='word_1_159' title='bbox 439 2683 630 2778; x_wconf 90' lang='lat' dir='ltr'><strong>plectendis</strong></span> <span class='ocrx_word' id='word_1_160' title='bbox 643 2683 814 2753; x_wconf 85' lang='lat' dir='ltr'><strong>haereticis</strong></span> <span class='ocrx_word' id='word_1_161' title='bbox 828 2708 969 2779; x_wconf 88' lang='lat' dir='ltr'><strong>operam</strong></span> <span class='ocrx_word' id='word_1_162' title='bbox 978 2686 1071 2757; x_wconf 89' lang='lat' dir='ltr'><strong>dare.</strong></span> <span class='ocrx_word' id='word_1_163' title='bbox 1081 2689 1237 2760; x_wconf 88' lang='lat' dir='ltr'><strong>Tandem</strong></span> 
     </span>
     <span class='ocr_line' id='line_1_23' title="bbox 111 2790 1235 2890; baseline 0.002 -26"><span class='ocrx_word' id='word_1_164' title='bbox 111 2816 172 2865; x_wconf 88' lang='lat' dir='ltr'><strong>eos</strong></span> <span class='ocrx_word' id='word_1_165' title='bbox 191 2815 313 2886; x_wconf 83' lang='lat' dir='ltr'><strong>poeuas</strong></span> <span class='ocrx_word' id='word_1_166' title='bbox 332 2792 411 2861; x_wconf 91' lang='lat' dir='ltr'><strong>dare</strong></span> <span class='ocrx_word' id='word_1_167' title='bbox 431 2790 538 2884; x_wconf 86' lang='lat' dir='ltr'><strong>jussit</strong></span> <span class='ocrx_word' id='word_1_168' title='bbox 556 2797 591 2860; x_wconf 93' lang='lat' dir='ltr'><strong>et</strong></span> <span class='ocrx_word' id='word_1_169' title='bbox 611 2797 697 2860; x_wconf 88' lang='lat' dir='ltr'><strong>tunc</strong></span> <span class='ocrx_word' id='word_1_170' title='bbox 717 2792 803 2884; x_wconf 87' lang='lat' dir='ltr'><strong>Regi</strong></span> <span class='ocrx_word' id='word_1_171' title='bbox 826 2793 1076 2864; x_wconf 86' lang='lat' dir='ltr'><strong>Granvellanus</strong></span> <span class='ocrx_word' id='word_1_172' title='bbox 1096 2796 1235 2890; x_wconf 89' lang='lat' dir='ltr'><strong>scripsit</strong></span> 
     </span>
     <span class='ocr_line' id='line_1_24' title="bbox 111 2897 1234 2992; baseline 0.002 -21"><span class='ocrx_word' id='word_1_173' title='bbox 111 2903 162 2971; x_wconf 89' lang='lat' dir='ltr'><strong>ita</strong></span> <span class='ocrx_word' id='word_1_174' title='bbox 186 2899 425 2969; x_wconf 88' lang='lat' dir='ltr'><strong>marchionem</strong></span> <span class='ocrx_word' id='word_1_175' title='bbox 447 2897 659 2991; x_wconf 89' lang='lat' dir='ltr'><strong>Bergensem</strong></span> <span class='ocrx_word' id='word_1_176' title='bbox 684 2898 907 2992; x_wconf 89' lang='lat' dir='ltr'><strong>objurgatum</strong></span> <span class='ocrx_word' id='word_1_177' title='bbox 933 2923 1019 2980; x_wconf 86' lang='lat' dir='ltr'><strong>esse,</strong></span> <span class='ocrx_word' id='word_1_178' title='bbox 1037 2909 1078 2971; x_wconf 88' lang='lat' dir='ltr'><strong>ut</strong></span> <span class='ocrx_word' id='word_1_179' title='bbox 1092 2904 1234 2974; x_wconf 88' lang='lat' dir='ltr'><strong>tandem</strong></span> 
     </span>
     <span class='ocr_line' id='line_1_25' title="bbox 110 3005 1234 3103; baseline 0.002 -24"><span class='ocrx_word' id='word_1_180' title='bbox 110 3008 203 3079; x_wconf 86' lang='lat' dir='ltr'><strong>clam</strong></span> <span class='ocrx_word' id='word_1_181' title='bbox 221 3008 367 3101; x_wconf 86' lang='lat' dir='ltr'><strong>jusserit</strong></span> <span class='ocrx_word' id='word_1_182' title='bbox 385 3005 474 3076; x_wconf 88' lang='lat' dir='ltr'><strong>duos</strong></span> <span class='ocrx_word' id='word_1_183' title='bbox 496 3006 680 3075; x_wconf 73' lang='lat' dir='ltr'><strong>haereticos</strong></span> <span class='ocrx_word' id='word_1_184' title='bbox 694 3005 913 3075; x_wconf 67' lang='lat' dir='ltr'><strong>&#39;Valentianis</strong></span> <span class='ocrx_word' id='word_1_185' title='bbox 930 3008 1103 3086; x_wconf 88' lang='lat' dir='ltr'><strong>comburi;</strong></span> <span class='ocrx_word' id='word_1_186' title='bbox 1119 3016 1234 3103; x_wconf 91' lang='lat' dir='ltr'><strong>patere</strong></span> 
     </span>
     <span class='ocr_line' id='line_1_26' title="bbox 110 3112 1234 3209; baseline 0.002 -23"><span class='ocrx_word' id='word_1_187' title='bbox 110 3139 195 3209; x_wconf 90' lang='lat' dir='ltr'><strong>ergo</strong></span> <span class='ocrx_word' id='word_1_188' title='bbox 209 3114 329 3185; x_wconf 90' lang='lat' dir='ltr'><strong>turbas</strong></span> <span class='ocrx_word' id='word_1_189' title='bbox 343 3112 446 3183; x_wconf 85' lang='lat' dir='ltr'><strong>facile</strong></span> <span class='ocrx_word' id='word_1_190' title='bbox 461 3112 641 3206; x_wconf 87' lang='lat' dir='ltr'><strong>suppliciis</strong></span> <span class='ocrx_word' id='word_1_191' title='bbox 653 3113 815 3206; x_wconf 87' lang='lat' dir='ltr'><strong>componi</strong></span> <span class='ocrx_word' id='word_1_192' title='bbox 828 3134 945 3207; x_wconf 81' lang='lat' dir='ltr'><strong>posse3</strong></span> <span class='ocrx_word' id='word_1_193' title='bbox 963 3114 1022 3184; x_wconf 88' lang='lat' dir='ltr'><strong>sed</strong></span> <span class='ocrx_word' id='word_1_194' title='bbox 1034 3117 1234 3188; x_wconf 89' lang='lat' dir='ltr'><strong>marchione</strong></span> 
     </span>
     <span class='ocr_line' id='line_1_27' title="bbox 111 3219 1234 3319; baseline 0.002 -27"><span class='ocrx_word' id='word_1_195' title='bbox 111 3222 165 3293; x_wconf 88' lang='lat' dir='ltr'><strong>illi</strong></span> <span class='ocrx_word' id='word_1_196' title='bbox 181 3222 368 3315; x_wconf 76' lang='lat' dir='ltr'><strong>provincia</strong></span> <span class='ocrx_word' id='word_1_197' title='bbox 390 3221 565 3314; x_wconf 76' lang='lat' dir='ltr'><strong>prefecto,</strong></span> <span class='ocrx_word' id='word_1_198' title='bbox 588 3219 678 3289; x_wconf 88' lang='lat' dir='ltr'><strong>nihil</strong></span> <span class='ocrx_word' id='word_1_199' title='bbox 697 3221 773 3293; x_wconf 89' lang='lat' dir='ltr'><strong>sine</strong></span> <span class='ocrx_word' id='word_1_200' title='bbox 795 3221 873 3313; x_wconf 86' lang='lat' dir='ltr'><strong>ejus</strong></span> <span class='ocrx_word' id='word_1_201' title='bbox 887 3244 1059 3292; x_wconf 87' lang='lat' dir='ltr'><strong>consensu</strong></span> <span class='ocrx_word' id='word_1_202' title='bbox 1073 3231 1109 3293; x_wconf 90' lang='lat' dir='ltr'><strong>et</strong></span> <span class='ocrx_word' id='word_1_203' title='bbox 1129 3246 1234 3319; x_wconf 88' lang='lat' dir='ltr'><strong>opera</strong></span> 
     </span>
     <span class='ocr_line' id='line_1_28' title="bbox 109 3331 335 3423; baseline -0.018 -22"><span class='ocrx_word' id='word_1_204' title='bbox 109 3331 186 3401; x_wconf 84' lang='lat' dir='ltr'><strong>heri</strong></span> <span class='ocrx_word' id='word_1_205' title='bbox 200 3351 301 3423; x_wconf 89' lang='lat' dir='ltr'><strong>posse</strong></span> <span class='ocrx_word' id='word_1_206' title='bbox 312 3335 335 3397; x_wconf 87' lang='lat'><strong>⁸.</strong></span> 
     </span>
    </p>

    <p class='ocr_par' dir='ltr' id='par_1_4' title="bbox 110 3434 1233 3959">
     <span class='ocr_line' id='line_1_29' title="bbox 153 3434 1231 3522; baseline 0.002 -15"><span class='ocrx_word' id='word_1_207' title='bbox 153 3438 235 3508; x_wconf 77' lang='lat' dir='ltr'><strong>lam</strong></span> <span class='ocrx_word' id='word_1_208' title='bbox 251 3437 305 3506; x_wconf 90' lang='lat' dir='ltr'><strong>die</strong></span> <span class='ocrx_word' id='word_1_209' title='bbox 320 3437 360 3505; x_wconf 84' lang='grc'><strong>31</strong></span> <span class='ocrx_word' id='word_1_210' title='bbox 376 3434 507 3504; x_wconf 87' lang='lat' dir='ltr'><strong>mensis</strong></span> <span class='ocrx_word' id='word_1_211' title='bbox 528 3436 644 3505; x_wconf 88' lang='lat' dir='ltr'><strong>martii</strong></span> <span class='ocrx_word' id='word_1_212' title='bbox 665 3437 764 3522; x_wconf 78' lang='lat'><strong>1563,</strong></span> <span class='ocrx_word' id='word_1_213' title='bbox 787 3435 1038 3507; x_wconf 86' lang='lat' dir='ltr'><strong>Grauvellanus</strong></span> <span class='ocrx_word' id='word_1_214' title='bbox 1053 3461 1135 3508; x_wconf 89' lang='lat' dir='ltr'><strong>eum</strong></span> <span class='ocrx_word' id='word_1_215' title='bbox 1150 3462 1231 3510; x_wconf 88' lang='lat' dir='ltr'><strong>oum</strong></span> 
     </span>
     <span class='ocr_line' id='line_1_30' title="bbox 112 3541 1232 3637; baseline 0.001 -21"><span class='ocrx_word' id='word_1_216' title='bbox 112 3544 278 3637; x_wconf 78' lang='lat' dir='ltr'><strong>Orangn‘o,</strong></span> <span class='ocrx_word' id='word_1_217' title='bbox 295 3544 476 3625; x_wconf 76' lang='lat' dir='ltr'><strong>Romano,</strong></span> <span class='ocrx_word' id='word_1_218' title='bbox 494 3541 681 3635; x_wconf 85' lang='lat' dir='ltr'><strong>Egmontio</strong></span> <span class='ocrx_word' id='word_1_219' title='bbox 700 3543 941 3636; x_wconf 88' lang='lat' dir='ltr'><strong>Montinioque</strong></span> <span class='ocrx_word' id='word_1_220' title='bbox 965 3545 1003 3615; x_wconf 90' lang='lat' dir='ltr'><strong>in</strong></span> <span class='ocrx_word' id='word_1_221' title='bbox 1023 3549 1232 3618; x_wconf 87' lang='lat' dir='ltr'><strong>monasterio</strong></span> 
     </span>
     <span class='ocr_line' id='line_1_31' title="bbox 111 3649 1233 3748; baseline 0.002 -26"><span class='ocrx_word' id='word_1_222' title='bbox 111 3651 146 3722; x_wconf 90' lang='lat' dir='ltr'><strong>la</strong></span> <span class='ocrx_word' id='word_1_223' title='bbox 159 3654 282 3722; x_wconf 85' lang='lat' dir='ltr'><strong>Foreet</strong></span> <span class='ocrx_word' id='word_1_224' title='bbox 294 3653 396 3744; x_wconf 83' lang='lat' dir='ltr'><strong>juxta</strong></span> <span class='ocrx_word' id='word_1_225' title='bbox 410 3649 594 3721; x_wconf 85' lang='lat' dir='ltr'><strong>Bruxellas</strong></span> <span class='ocrx_word' id='word_1_226' title='bbox 608 3651 745 3722; x_wconf 87' lang='lat' dir='ltr'><strong>occulte</strong></span> <span class='ocrx_word' id='word_1_227' title='bbox 760 3673 825 3722; x_wconf 91' lang='lat' dir='ltr'><strong>nee</strong></span> <span class='ocrx_word' id='word_1_228' title='bbox 839 3651 916 3723; x_wconf 86' lang='lat' dir='ltr'><strong>sine</strong></span> <span class='ocrx_word' id='word_1_229' title='bbox 929 3653 1127 3748; x_wconf 86' lang='lat' dir='ltr'><strong>suspicione</strong></span> <span class='ocrx_word' id='word_1_230' title='bbox 1145 3679 1233 3725; x_wconf 90' lang='lat' dir='ltr'><strong>oon-</strong></span> 
     </span>
     <span class='ocr_line' id='line_1_32' title="bbox 110 3757 1232 3854; baseline 0.005 -26"><span class='ocrx_word' id='word_1_231' title='bbox 110 3781 271 3854; x_wconf 82' lang='lat' dir='ltr'><strong>gressum</strong></span> <span class='ocrx_word' id='word_1_232' title='bbox 286 3780 360 3827; x_wconf 86' lang='lat' dir='ltr'><strong>esse</strong></span> <span class='ocrx_word' id='word_1_233' title='bbox 374 3757 612 3850; x_wconf 86' lang='lat' dir='ltr'><strong>evulgaverat;</strong></span> <span class='ocrx_word' id='word_1_234' title='bbox 629 3781 716 3851; x_wconf 85' lang='lat' dir='ltr'><strong>quos</strong></span> <span class='ocrx_word' id='word_1_235' title='bbox 728 3765 849 3829; x_wconf 90' lang='lat' dir='ltr'><strong>tamen</strong></span> <span class='ocrx_word' id='word_1_236' title='bbox 858 3759 1013 3831; x_wconf 89' lang='lat' dir='ltr'><strong>melioris</strong></span> <span class='ocrx_word' id='word_1_237' title='bbox 1023 3780 1097 3833; x_wconf 87' lang='lat' dir='ltr'><strong>esse</strong></span> <span class='ocrx_word' id='word_1_238' title='bbox 1109 3764 1232 3833; x_wconf 88' lang='lat' dir='ltr'><strong>volun·</strong></span> 
     </span>
     <span class='ocr_line' id='line_1_33' title="bbox 111 3864 1171 3959; baseline 0.003 -22"><span class='ocrx_word' id='word_1_239' title='bbox 111 3867 194 3938; x_wconf 88' lang='lat' dir='ltr'><strong>tatis</strong></span> <span class='ocrx_word' id='word_1_240' title='bbox 206 3888 312 3959; x_wconf 84' lang='lat' dir='ltr'><strong>quam</strong></span> <span class='ocrx_word' id='word_1_241' title='bbox 328 3864 434 3958; x_wconf 87' lang='lat' dir='ltr'><strong>vulgo</strong></span> <span class='ocrx_word' id='word_1_242' title='bbox 448 3865 663 3950; x_wconf 87' lang='lat' dir='ltr'><strong>dicebantur,</strong></span> <span class='ocrx_word' id='word_1_243' title='bbox 681 3872 765 3936; x_wconf 88' lang='lat' dir='ltr'><strong>tuno</strong></span> <span class='ocrx_word' id='word_1_244' title='bbox 779 3867 887 3937; x_wconf 88' lang='lat' dir='ltr'><strong>etiam</strong></span> <span class='ocrx_word' id='word_1_245' title='bbox 902 3867 1136 3943; x_wconf 86' lang='lat' dir='ltr'><strong>arbitrabatur</strong></span> <span class='ocrx_word' id='word_1_246' title='bbox 1149 3868 1171 3940; x_wconf 84' lang='lat'><strong>⁴.</strong></span> 
     </span>
    </p>
   </div>
   <div class='ocr_carea' id='block_1_4' title="bbox 140 4024 860 4388">
    <p class='ocr_par' dir='ltr' id='par_1_5' title="bbox 140 4024 860 4190">
     <span class='ocr_line' id='line_1_34' title="bbox 142 4024 860 4094; baseline 0.006 -16"><span class='ocrx_word' id='word_1_247' title='bbox 142 4026 169 4082; x_wconf 90' lang='grc'><strong>1.</strong></span> <span class='ocrx_word' id='word_1_248' title='bbox 188 4026 311 4093; x_wconf 75' lang='lat' dir='ltr'><strong>corrup.</strong></span> <span class='ocrx_word' id='word_1_249' title='bbox 319 4024 354 4078; x_wconf 78' lang='lat' dir='ltr'><strong>do</strong></span> <span class='ocrx_word' id='word_1_250' title='bbox 362 4026 525 4093; x_wconf 61' lang='lat' dir='ltr'><strong>Murcum&amp;</strong></span> <span class='ocrx_word' id='word_1_251' title='bbox 535 4024 699 4090; x_wconf 66' lang='lat' dir='ltr'><strong>u’aortcae,</strong></span> <span class='ocrx_word' id='word_1_252' title='bbox 714 4027 748 4093; x_wconf 75' lang='lat'><strong>11.</strong></span> <span class='ocrx_word' id='word_1_253' title='bbox 761 4041 789 4094; x_wconf 85' lang='lat' dir='ltr'><strong>p.</strong></span> <span class='ocrx_word' id='word_1_254' title='bbox 802 4026 860 4082; x_wconf 68' lang='grc'>111.</span> 
     </span>
     <span class='ocr_line' id='line_1_35' title="bbox 140 4123 410 4190; baseline -0.015 -9"><span class='ocrx_word' id='word_1_255' title='bbox 140 4126 167 4181; x_wconf 81' lang='lat'><strong>2.</strong></span> <span class='ocrx_word' id='word_1_256' title='bbox 183 4124 253 4180; x_wconf 73' lang='lat' dir='ltr'><strong>usa</strong></span> <span class='ocrx_word' id='word_1_257' title='bbox 266 4123 300 4187; x_wconf 61' lang='lat'><strong>115</strong></span> <span class='ocrx_word' id='word_1_258' title='bbox 312 4139 340 4190; x_wconf 80' lang='lat' dir='ltr'><strong>p.</strong></span> <span class='ocrx_word' id='word_1_259' title='bbox 352 4123 410 4177; x_wconf 74' lang='grc'>1111</span> 
     </span>
    </p>

    <p class='ocr_par' dir='ltr' id='par_1_6' title="bbox 141 4211 575 4290">
     <span class='ocr_line' id='line_1_36' title="bbox 141 4211 575 4290; baseline 0.005 -17"><span class='ocrx_word' id='word_1_260' title='bbox 141 4223 167 4277; x_wconf 85' lang='lat' dir='ltr'><strong>a.</strong></span> <span class='ocrx_word' id='word_1_261' title='bbox 183 4224 296 4290; x_wconf 70' lang='lat' dir='ltr'><strong>repon</strong></span> <span class='ocrx_word' id='word_1_262' title='bbox 306 4211 407 4287; x_wconf 74' lang='lat' dir='ltr'><strong>aaut,</strong></span> <span class='ocrx_word' id='word_1_263' title='bbox 420 4223 479 4286; x_wconf 86' lang='lat' dir='ltr'><strong>vu,</strong></span> <span class='ocrx_word' id='word_1_264' title='bbox 493 4237 520 4289; x_wconf 71' lang='lat' dir='ltr'><strong>p.</strong></span> <span class='ocrx_word' id='word_1_265' title='bbox 533 4222 575 4277; x_wconf 80' lang='lat' dir='ltr'><strong>ee.</strong></span> 
     </span>
    </p>

    <p class='ocr_par' dir='ltr' id='par_1_7' title="bbox 140 4319 431 4388">
     <span class='ocr_line' id='line_1_37' title="bbox 140 4319 431 4388; baseline 0.003 -12"><span class='ocrx_word' id='word_1_266' title='bbox 140 4324 165 4376; x_wconf 82' lang='grc'>1.</span> <span class='ocrx_word' id='word_1_267' title='bbox 180 4322 251 4375; x_wconf 77' lang='lat' dir='ltr'><strong>uta.</strong></span> <span class='ocrx_word' id='word_1_268' title='bbox 269 4319 327 4387; x_wconf 75' lang='lat' dir='ltr'><strong>vil,</strong></span> <span class='ocrx_word' id='word_1_269' title='bbox 338 4335 369 4388; x_wconf 84' lang='lat' dir='ltr'><strong>p.</strong></span> <span class='ocrx_word' id='word_1_270' title='bbox 386 4320 431 4377; x_wconf 83' lang='grc'>10.</span> 
     </span>
    </p>
   </div>
   <div class='ocr_carea' id='block_1_5' title="bbox 0 0 1488 5072">
    <p class='ocr_par' dir='ltr' id='par_1_8' title="bbox 0 0 1488 5072">
     <span class='ocr_line' id='line_1_38' title="bbox 0 0 1488 5072; baseline 0 1"><span class='ocrx_word' id='word_1_271' title='bbox 0 0 1488 5072; x_wconf 95' lang='lat' dir='ltr'><strong> </strong></span> 
     </span>
    </p>
   </div>
  </div>
 </body>
</html>
