2958 5076
220 358 259 418 ’16
540 371 684 426 0601000
705 373 821 419 reensi
842 372 1017 420 0116166611

217 540 298 585 0616
322 517 473 585 maxima
497 514 671 587 celeritate
705 540 765 610 per
793 518 992 586 Peronnam
1018 515 1061 585 ad
1085 495 1258 585 Ardream
1274 519 1338 586 iter

215 624 401 693 1601661616
424 624 601 693 transiisse
622 624 651 701 ‘3
681 624 735 694 die
758 627 800 692 22
824 647 885 716 per
906 624 1114 694 Corbiacum
1140 628 1175 692 et
1195 625 1338 694 Ambia-
1461 680 1462 697 .

216 753 302 799 num
316 728 342 807 ¹;
360 731 445 799 item
459 729 514 799 die
530 733 550 799 6
566 730 703 801 mensis
718 732 855 823 augusti
878 730 986 800 mittit
1007 731 1067 823 qui
1090 730 1239 800 ducissae
1257 755 1338 824 ape·

216 836 458 927 riatquaedam
471 838 613 929 negotia
627 860 698 907 non
713 837 757 906 ad
779 837 1057 907 Cameracesium
1078 838 1199 918 modo,
1223 839 1285 907 sed
1306 845 1336 908 et

218 945 261 1015 ad
283 946 411 1035 Regem
434 945 624 1035 spectantia
647 946 670 1014 ⁸.
695 944 888 1028 Quatriduo
907 950 999 1038 post,
1024 943 1102 1013 aliae
1129 945 1171 1014 de
1197 945 1338 1015 Gallicis

219 1052 322 1122 rebus
346 1052 482 1121 litterae.
516 1051 584 1121 Sed
607 1052 680 1144 jam
707 1053 900 1144 praesertim
930 1074 993 1144 pro
1016 1075 1079 1121 suo
1101 1052 1338 1122 Cameracesio

220 1158 481 1229 Maximilianus
497 1157 636 1240 scribit3
653 1159 810 1252 queritur
827 1159 1090 1250 quodNevarrae
1101 1161 1222 1248 regina
1233 1161 1340 1253 hugo·
1461 1148 1462 1153 ¹

220 1271 320 1335 notos
343 1266 619 1348 Petrosomonte,
635 1266 672 1334 in
701 1265 952 1350 Cameracesio,
969 1265 1150 1335 instituere
1186 1268 1336 1335 nitetur:

220 1373 318 1442 illam
335 1374 410 1442 1010
425 1373 655 1452 occasionem,
673 1372 737 1442 sub
752 1373 1008 1466 predicationis
1030 1373 1167 1457 umbra,
1190 1376 1339 1466 agminis

221 1480 377 1572 cogendi,
395 1480 487 1570 quod
502 1480 804 1573 archiepiscopum
826 1479 1044 1549 imbecillum
1063 1502 1103 1548 ac
1121 1502 1229 1572 prope
1252 1483 1339 1550 iner-

219 1611 313 1657 mem
342 1586 442 1655 iacile
471 1588 657 1680 opprimat.
688 1588 760 1656 Neo
783 1589 858 1656 sine
883 1610 987 1656 oeusa
1021 1588 1057 1656 id
1076 1588 1338 1657 Maximilianus

218 1695 375 1779 timebat,
397 1717 478 1764 cum
504 1695 697 1787 praesertim
721 1718 739 1763 6
761 1696 1026 1764 Petroscmonte
1049 1695 1214 1764 heretica
1234 1697 1339 1789 postis

221 1802 411 1873 Castellum
426 1801 620 1893 irrepsisset
634 1810 655 1868 ⁸.
737 1797 772 1836 '¹
1461 1876 1462 1885 χ

262 1911 401 1981 Etenim
416 1909 516 1978 annis
532 1910 619 1979 1666
634 1911 763 1980 611667
779 1911 907 2002 saepius
927 1909 1060 1979 litteras
1078 1910 1340 1980 Maximilianus
1461 1888 1462 1949 l

220 2018 352 2102 scribit,
379 2039 461 2086 cum
494 2016 733 2100 Cameracum,
768 2017 958 2086 Castellum
988 2022 1021 2086 et
1059 2017 1274 2087 Valentianae
1300 2019 1339 2086 ab

220 2124 393 2195 haereticis
409 2123 655 2216 opprimuntur
667 2130 701 2192 et
715 2128 829 2192 totum
842 2125 915 2192 iere
930 2123 1092 2216 Belgium
1104 2126 1338 2215 perturbatur.

219 2232 365 2301 Alavem
380 2231 585 2323 presertim,
603 2255 623 2299 a
638 2254 707 2322 quo
722 2230 861 2323 petebat
883 2231 968 2323 quid
983 2232 1020 2299 in
1045 2230 1155 2300 Gellia
1177 2231 1220 2300 66
1238 2234 1341 2301 rebus

219 2339 369 2430 Belgicis
383 2337 531 2421 audiret,
545 2339 628 2407 lacit
642 2338 823 2407 certiorem
837 2337 979 2406 foederis
1002 2339 1092 2406 inter
1116 2336 1289 2407 Gheusios
1311 2346 1342 2408 et

219 2448 417 2538 hugonotos
435 2446 579 2541 iactiet
595 2446 626 2512 ei
652 2446 726 2536 ipse
754 2445 934 2536 hispanico
961 2466 1119 2513 sermone
1144 2446 1268 2513 scribit
1288 2447 1341 2515 die
1405 2533 1411 2543 .

218 2558 260 2623 30
276 2553 405 2621 mensis
421 2551 559 2644 augusti
575 2554 674 2631 1666,
690 2575 772 2621 0616
787 2552 1000 2644 gravissimis
1015 2553 1166 2644 negotiis
1178 2552 1341 2643 Belgium

217 2665 495 2729 commoveretur
509 2658 538 2726 ¹¹:
568 2659 696 2727 etenim
729 2681 841 2750 nuper
879 2662 1071 2727 conventus
1106 2658 1342 2729 Gbeusiorum

213 2766 446 2859 Trudonopoli
461 2765 604 2834 habitus
627 2771 701 2834 eret
727 2772 759 2834 et
781 2764 924 2834 libellus
945 2766 989 2834 66
1010 2765 1232 2857 Margaritam
1255 2769 1342 2834 mis-

219 2898 328 2958 6661
339 2896 408 2964 quo
419 2872 545 2965 partim
560 2872 696 2942 nobiles
712 2896 748 2941 se
763 2871 1021 2965 perpurgabent
1033 2871 1118 2941 adeo
1132 2895 1205 2941 606
1220 2874 1342 2944 timide

214 2988 253 3053 ut
272 2982 483 3052 oblivionem
501 2980 772 3072 preteritorum,
787 3001 902 3070 squam
928 2979 1160 3049 Gubernatrix
1182 2980 1343 3073 polliceri

216 3089 412 3172 videbatur,
439 3086 581 3156 omnino
609 3091 811 3179 respuerent
833 3085 1057 3178 dicerentque
1082 3110 1151 3177 qua
1175 3087 1244 3178 ipsi
1260 3110 1343 3178 per·
1461 3100 1462 3103 ’

221 3193 796 3289 661166666161661061106666616
812 3194 1046 3261 taciturnitate
1070 3192 1229 3285 digniore
1249 3217 1341 3271 esse;
1394 3247 1396 3250 -

219 3305 347 3397 partim
362 3300 593 3394 exposcebant
606 3306 647 3368 ut
664 3299 936 3370 Gubernetrix...
955 3300 1158 3392 Orangium,
1181 3301 1344 3392 Egmou-

220 3413 310 3481 tium
332 3414 436 3503 atque
455 3409 661 3478 Bornenum
684 3408 1344 3500 6666660661660101116166161106161

221 3518 381 3587 curandis
396 3515 658 3587 Foederatorum
673 3515 778 3584 rebus
786 3513 1103 3609 componendisque
1113 3539 1193 3584 cum
1201 3517 1340 3608 Rege...
1410 3554 1413 3559 ·

221 3627 279 3694 Sic
298 3625 393 3694 enim
413 3624 615 3693 restitutum
638 3622 682 3690 iri
705 3623 889 3713 pristinem
910 3623 1030 3715 patriae
1052 3622 1343 3713 tranquillitatem

220 3743 311 3802 certo
329 3730 557 3824 spondebant,
574 3729 704 3822 alioqui
718 3734 859 3799 externa
871 3729 1026 3799 remedia
1041 3730 1200 3822 quamvis
1214 3731 1358 3811 invitos¹
1378 3821 1382 3829 ι

248 3904 271 3955 1.
286 3903 401 3966 Papierc
415 3890 508 3952 ettae
522 3902 591 3953 etde
605 3900 765 3962 l'Audience,
780 3899 837 3963 238,
851 3914 878 3964 p.
892 3900 933 3952 24.

247 3999 366 4062 61116,
383 4015 410 4064 p.
428 3999 469 4051 28.

252 4101 276 4151 3.
291 4097 371 4159 leid,
386 4112 412 4162 p.
423 4097 465 4149 33.

252 4199 276 4251 4.
291 4196 368 4258 reid,
380 4212 406 4261 p.
419 4195 460 4247 35.

255 4298 280 4348 5.
294 4297 417 4360 1110111166
431 4292 537 4345 Notion.
551 4289 583 4341 Κ.
599 4289 670 4342 1506.
