2988 5078
383 392 526 466 cannono
548 414 708 461 anscerus
728 414 878 461 nunecius
900 416 945 459 sn·
1072 448 1075 453 .
1181 394 1220 458 33

107 552 288 638 assentior,
306 577 376 623 non
388 536 550 625 inscium.
564 556 682 650 Neque
694 555 788 625 enim
802 557 830 624 is
846 555 1105 625 Maximilianus
1115 554 1221 624 fuisse

107 657 258 745 videtur,
274 661 333 755 qui
348 685 403 731 res
414 687 495 733 suas
519 664 735 756 praetermitti
749 667 935 755 pateretur.
953 663 1070 732 Multae
1080 662 1223 756 quidem

108 766 138 832 ei
153 767 296 836 fuerunt
322 771 477 850 virtutes,
495 770 554 839 sed
574 794 645 839 non
674 772 848 839 honorum
877 776 936 839 aut
965 770 1126 839 utilitatis
1152 792 1224 838 suae

109 878 333 967 contemptio.
352 875 534 947 Delectum
550 901 632 946 eum
651 879 785 945 sincere
804 876 980 945 dubitasse
997 900 1082 946 num
1096 877 1226 969 episco-

109 979 223 1071 palem
240 982 444 1073 dignitatem
462 985 631 1078 acciperet
646 984 835 1052 admodum
849 983 1052 1052 incredibile
1067 982 1224 1053 videtur:

111 1093 196 1178 quot
210 1090 384 1159 candidati
407 1098 486 1183 post
509 1090 808 1160 renunciationem
832 1091 1076 1182 suffragiorum
1098 1090 1227 1159 inscios

112 1201 145 1264 et
156 1195 315 1265 absentes
326 1221 362 1266 se
379 1198 532 1268 delectos
540 1198 647 1267 luisse
663 1198 799 1267 dicunt!

155 1303 221 1373 Die
236 1327 328 1374 nona
344 1305 569 1397 Septembris,
588 1305 739 1375 decanus
755 1310 787 1374 et
807 1305 999 1398 capitulum
1023 1305 1228 1374 Maximilla·

113 1433 199 1478 num
215 1434 320 1480 suum
335 1418 369 1481 et
381 1412 536 1483 ecclesiae
549 1413 809 1482 Cameracensis
824 1417 1000 1505 pastorem
1015 1419 1119 1502 atque
1141 1411 1231 1504 epis-

114 1539 242 1611 copum
256 1521 546 1589 renunciaverant
568 1526 613 1605 et,
632 1520 686 1589 die
702 1520 835 1589 decima
851 1525 959 1601 sexte,
977 1520 1229 1597 «electionem,

114 1635 152 1692 ut
164 1626 213 1694 ait
228 1626 299 1716 ipse
313 1626 584 1709 Maximilianus‚
601 1651 661 1721 per
677 1633 787 1695 certos
804 1650 885 1696 suos
901 1626 1023 1697 adhoc
1038 1625 1232 1717 specialiter

115 1734 325 1801 constitutos
338 1734 369 1801 ei
392 1735 508 1802 offerri
528 1739 561 1803 et
579 1735 781 1826 praesentari
808 1739 985 1818 curarunt,
1016 1733 1231 1825 requirentes

116 1844 149 1908 et
163 1841 334 1908 instanter
353 1845 511 1932 rogantes
530 1848 569 1909 ut
588 1840 794 1909 electionem
815 1841 1017 1933 hujusmodi
1038 1840 1233 1909 consentire

116 1969 290 2040 suumque
320 1970 529 2016 consensum
564 1949 690 2040 pariter
724 1958 757 2018 et
793 1971 974 2017 assensum
1006 1953 1165 2039 praestare
1201 1951 1235 2014 et

117 2054 213 2122 illam
242 2060 418 2146 acceptare
447 2053 666 2144 dignaretur3
684 2060 718 2123 et
745 2056 907 2148 prelatus
933 2054 1097 2123 dominus
1126 2077 1236 2146 expo-

119 2184 206 2230 nens
232 2168 309 2230 tum
340 2167 477 2253 propter
505 2162 635 2254 negotii
658 2162 935 2254 magnitudinem
966 2184 1005 2229 ac
1035 2160 1171 2253 pondus
1200 2184 1235 2226 se

121 2292 222 2362 super
263 2267 477 2337 oblationem
519 2272 553 2337 et
591 2268 892 2360 presentationem
929 2267 1110 2337 electionis
1148 2288 1237 2358 prae·

118 2375 215 2445 dictae
254 2374 528 2443 deliberaturum
569 2381 602 2444 et
637 2376 819 2444 antedictis
854 2374 1007 2444 dominis
1044 2374 1174 2443 decano
1203 2380 1236 2442 et

120 2482 273 2577 capitulo
289 2483 398 2551 animi
425 2483 478 2550 sui
503 2481 788 2551 deliberationem
818 2483 890 2551 suis
916 2482 993 2551 loco
1022 2488 1055 2550 et
1081 2485 1236 2573 tempore

121 2592 355 2660 indicaturum
374 2589 563 2681 respondit.
587 2613 607 2657 >o
633 2590 710 2657 Non
737 2589 886 2657 dubium
910 2611 1117 2681 responsum
1141 2595 1234 2657 erat:

122 2698 248 2768 ‹ldem
262 2696 523 2765 blaximilianus
545 2695 689 2777 electus,
708 2697 773 2763 etsi
786 2701 882 2764 tanto
896 2694 1046 2765 munere'
1062 2719 1098 2765 se
1120 2696 1237 2764 minus

121 2807 267 2899 dignum
280 2805 466 2887 existimet,
495 2810 613 2872 tamen
636 2801 775 2894 qnando
801 2827 862 2893 per
887 2805 1048 2895 prelatos
1076 2803 1237 2871 dominos

121 2913 293 2983 decanum
310 2917 344 2980 et
358 2910 550 3004 capitulum
568 2911 605 2977 in
624 2910 810 2978 concordia
824 2911 988 2979 canonice
1004 2910 1135 2979 electus
1150 2911 1238 2978 exis·

122 3023 173 3102 tit,
192 3044 235 3089 ne
251 3026 312 3089 aut
326 3020 476 3087 refutare
492 3023 552 3086 aut
568 3017 663 3108 parvi
682 3015 831 3108 pendere
850 3017 1001 3106 gratiam
1022 3018 1085 3086 Dei
1107 3017 1239 3086 videre·

121 3136 177 3198 tur
189 3131 308 3221 (cujus
323 3126 491 3194 instinctu
506 3131 540 3194 et
563 3124 790 3215 inspiratione
803 3122 1011 3192 electionem
1035 3123 1236 3216 predictam

123 3239 250 3307 tactem
269 3257 344 3304 esse
372 3232 536 3324 creditur)
562 3230 808 3300 misericordiae
833 3230 975 3298 Domini
999 3230 1108 3299 nostri
1136 3230 1237 3298 lesus

124 3343 251 3414 Christi
283 3340 427 3433 ejusque
458 3338 696 3432 apostolorum
727 3338 820 3407 Petri
852 3342 886 3406 et
915 3336 1013 3405 Pauli
1045 3335 1175 3404 auxilio
1206 3342 1239 3405 et

123 3449 360 3521 intercessioni
389 3445 554 3530 confisus,
586 3444 706 3514 eidem
736 3444 895 3514 electioni
929 3444 971 3514 de
1000 3466 1147 3537 persona
1175 3466 1240 3514 sua

123 3561 222 3630 lecim
249 3555 386 3648 sibique
415 3552 541 3624 oblatae
579 3553 765 3623 consentiit
798 3576 837 3621 ac
871 3574 954 3621 suos
969 3573 1176 3620 consensum
1205 3558 1238 3621 et

122 3687 302 3737 assensum
314 3661 494 3755 praestitit¹
511 3660 615 3750 »(die
632 3660 674 3727 13
685 3680 796 3728 mens.
814 3658 952 3729 Octobr.
970 3658 1091 3750 fileto).

166 3773 221 3842 lta
234 3772 341 3863 igitur
354 3766 585 3838 Maximiliani
599 3764 746 3835 delectio
759 3767 850 3836 lacta
868 3772 930 3850 est,
961 3770 1001 3834 nt
1028 3788 1120 3835 novo
1149 3766 1239 3857 epis-

125 3986 215 4054 Bcrqie
224 3989 251 4038 et
259 3985 407 4050 acceptatio
417 3983 550 4035 electionis
560 3998 614 4034 eun
625 3984 662 4035 od
670 3982 852 4048 episcopatum
864 3981 1076 4034 Cameracenoem
1087 3995 1158 4034 cano
1169 3982 1239 4046 ¹559,

125 4069 167 4120 (tio
181 4068 211 4119 13
224 4064 348 4118 octobris.
363 4090 395 4104 -
408 4064 466 4117 Lib.
481 4076 535 4114 seo.
549 4064 616 4113 titul.
630 4063 702 4114 Ecol.
718 4065 799 4124 cem,
812 4077 838 4127 p.
853 4062 885 4113 79
896 4062 982 4125 otas)

156 4167 178 4217 t.
196 4164 414 4217 Procurator-tum
436 4159 613 4213 ttoetmitioni
627 4175 644 4211 α
660 4160 750 4226 Beroia
770 4163 798 4210 et
818 4162 965 4227 acceptatio
983 4160 1117 4213 electionis
1134 4175 1189 4212 oue
1203 4161 1240 4211 ad

127 4247 306 4313 episcopatum
320 4244 532 4295 Cameracenoem
546 4256 617 4292 oeno
632 4240 693 4291 isso
704 4240 747 4290 die
755 4240 785 4293 13
801 4242 915 4292 octobris
928 4241 997 4307 (Lib.
1013 4255 1066 4293 sec.
1083 4241 1151 4294 titul.
1162 4239 1233 4290 Ecct.

127 4328 206 4389 cnm..
221 4341 247 4391 p.
261 4323 326 4391 101).

1065 4423 1082 4473 ³
