2958 5076
463 442 580 490 numos
602 444 717 489 annus
739 445 955 492 cusroomnms
1234 436 1273 494 87

151 592 296 661 omnino
318 587 514 659 conculcari
536 593 570 654 et
597 594 706 655 totam
731 587 908 679 regionem
927 595 1080 660 nostram
1109 595 1270 686 opprimi.

196 697 289 767 Illud
311 702 427 765 autem
450 693 604 763 remedio
626 696 699 763 lore
721 692 863 763 conlidit
888 697 1160 784 Maximilianus‚
1187 702 1272 791 (qui,

151 829 232 875 cum
255 804 417 874 morbum
440 802 711 884 denuntiaverit,
736 807 770 869 et
791 802 963 872 medelam
985 807 1106 875 afferre
1128 830 1163 876 se
1185 831 1275 876 cou-

148 912 289 1003 tendit),
307 912 336 979 si
351 910 473 979 eadem
490 908 646 977 adhibita
661 909 706 976 sit
719 910 807 977 ratio
824 933 928 999 quam
942 911 1016 1002 ipsa
1032 913 1127 1002 prius
1142 915 1178 981 in
1192 915 1275 983 Ger·

150 1021 269 1089 mania
285 1017 485 1087 adhibuerit
501 1016 706 1084 Catharina:
730 1015 765 1083 id
787 1022 839 1084 est
858 1018 886 1083 si
908 1018 944 1085 in
964 1018 1118 1110 Philippi
1140 1022 1276 1113 stipen-

151 1126 209 1195 dia
224 1126 352 1194 diversi
367 1125 497 1192 fuerint
512 1125 659 1190 istorum
666 1145 746 1215 pars
755 1129 939 1192 retrorum.
950 1166 995 1174 -
1006 1127 1126 1219 Neque
1136 1151 1276 1220 promp-

149 1235 220 1302 tius
236 1232 342 1316 aliud‚
360 1254 438 1300 meo
454 1230 594 1321 quidem
612 1229 756 1320 judicia,
776 1231 834 1308 ait,
852 1232 1044 1300 remedium
1060 1234 1114 1316 sit,
1124 1258 1227 1324 quam
1243 1237 1273 1302 si

150 1340 300 1431 quodam
328 1338 432 1406 modo
459 1360 519 1429 per
539 1336 820 1428 Arembergium,
839 1338 896 1428 qui
913 1362 1006 1407 nunc
1021 1347 1073 1408 est
1094 1342 1130 1407 in
1146 1341 1271 1422 Gallia,

148 1454 211 1516 aut
232 1469 294 1538 per
323 1447 424 1529 alios,
449 1445 658 1513 sollicitetur
680 1444 875 1513 Gulielmus
896 1444 1072 1515 Saxonum
1095 1446 1166 1515 dux
1194 1472 1273 1517 cum

148 1554 205 1636 iis,
224 1554 284 1644 qui
300 1553 393 1621 eirca
409 1557 503 1635 sunt,
522 1552 599 1619 etsi
614 1552 673 1641 qui
692 1552 750 1619 alii
772 1553 899 1643 pariter
921 1553 984 1620 sub
1007 1554 1167 1622 catholici
1183 1557 1273 1647 regis

149 1662 252 1752 signa
268 1659 361 1728 allici
376 1659 525 1751 possint,
547 1657 649 1751 idque
674 1665 785 1726 totum
807 1659 843 1725 in
872 1659 936 1727 hoc
963 1666 1102 1753 tempus
1130 1685 1197 1752 quo
1213 1663 1272 1730 alii

148 1770 241 1835 inter
256 1789 293 1836 se
316 1766 548 1835 consentiant.
575 1765 660 1848 Quae
690 1767 718 1832 si
746 1766 794 1833 ita
821 1767 949 1835 fuerint
975 1770 1078 1847 facta,
1109 1791 1273 1861 magnam

149 1873 233 1942 inde
250 1873 446 1964 concipiam
468 1894 566 1963 spem
596 1871 803 1941 catholicum
823 1873 954 1965 Regem
983 1897 1036 1942 res
1063 1899 1141 1944 suas
1164 1877 1212 1943 ita
1236 1878 1272 1944 in

150 1985 318 2072 promptu
333 1979 462 2047 habere
476 1986 637 2071 pussant
651 1979 693 2047 ab
708 1981 783 2047 istis
798 1981 943 2072 posthac
957 2004 1028 2050 non
1043 1984 1091 2051 ita
1103 2005 1271 2073 magnum

149 2093 320 2179 capturus
334 2087 378 2154 sit
393 2085 641 2154 detrimentum
656 2086 677 2152 ¹.

179 2284 204 2335 1.
220 2284 332 2348 Papierc
347 2283 437 2336 arear
449 2283 518 2334 etde
531 2282 692 2344 tanatem,
706 2282 761 2344 238,
779 2296 805 2346 p.
820 2282 852 2333 40
866 2284 892 2333 et
906 2281 945 2333 41.
