2968 5072
235 439 296 501 tat
635 454 675 499 na
696 453 787 498 vaura
808 450 958 498 cananum

232 620 372 691 gressus
398 604 460 677 est,
488 603 627 669 etcum
655 598 790 689 majore
816 594 1020 665 eorumdem
1044 597 1141 685 parte
1169 589 1355 661 conventui
1472 650 1473 687 ,

237 704 489 775 Hochstratano
512 705 679 783 interluit,
695 704 743 773 ita
766 702 891 774 eodem
915 707 1073 793 tempore
1095 699 1357 771 Maximilianus

237 834 377 905 operam
391 811 506 895 dabat,
529 817 570 882 ut
590 813 835 904 episcoporum
849 815 1060 879 conventum
1074 807 1118 877 ad
1139 808 1250 878 edicta
1264 806 1358 877 miti·
1473 876 1474 887 ,

232 919 347 1012 ganda
361 920 504 989 haberet
517 921 539 988 ¹.

279 1026 367 1095 Cum
394 1026 577 1097 decretum
601 1026 726 1095 fuisset
753 1024 993 1094 marchionem
1022 1034 1056 1093 et
1079 1022 1292 1093 Montinium
1317 1024 1357 1091 in

236 1133 441 1225 Hispaniam
472 1134 576 1211 mitti,
605 1120 977 1203 Maximilianusvalde
991 1132 1170 1223 exoptavit
1197 1139 1236 1200 ut
1264 1130 1361 1199 edic·
1474 1210 1475 1229 χ

236 1246 354 1309 torum
384 1240 655 1310 laxamentuma
673 1240 765 1330 Rege
789 1240 1025 1331 impetrarent.
1043 1237 1138 1319 Quos
1152 1236 1197 1304 ad
1223 1238 1360 1327 Regem
1474 1234 1475 1271 ³

235 1349 362 1417 missos
376 1370 482 1440 prope
499 1347 660 1416 laudabat
672 1348 744 1438 ipse
761 1344 1034 1422 Granvellanus3
1053 1368 1113 1413 cos
1127 1345 1223 1412 enim
1236 1344 1359 1412 verius

233 1477 338 1546 quam
354 1456 414 1547 qui
430 1456 581 1523 maxime
605 1476 723 1545 regem
747 1475 891 1521 monere
912 1474 1014 1545 posse
1038 1451 1215 1542 quomodo
1239 1451 1359 1519 resin

200 1598 202 1603 ·
231 1561 351 1653 Belgio
376 1584 412 1629 se
440 1561 621 1644 haberent,
649 1583 731 1629 cum
757 1561 824 1653 ipsi
851 1581 971 1627 rerum
999 1557 1141 1629 illarum
1169 1558 1361 1651 participes
1475 1544 1476 1585 ³

230 1668 400 1737 luissent.
432 1668 546 1737 Ambo
572 1673 689 1737 autem
718 1668 804 1757 Regi
820 1667 948 1756 ingrati
962 1673 1059 1735 eraut
1087 1671 1121 1734 et
1149 1687 1222 1734 non
1247 1666 1357 1736 modo

232 1773 320 1843 nihil
337 1774 535 1868 aPhilippo
550 1774 728 1845 consecuti
742 1781 835 1858 sunt,
852 1774 913 1842 sed
930 1797 974 1843 ne
987 1773 1025 1841 in
1043 1774 1191 1866 patriam
1212 1773 1357 1866 quidem

229 1883 343 1951 redire
371 1887 571 1974 potuerunt.
602 1883 644 1951 ln
662 1881 830 1974 Hispania
845 1882 939 1950 enirn
955 1882 1055 1974 quasi
1083 1881 1212 1972 captivi
1240 1880 1355 1949 hahiti

231 1996 325 2067 sunt,
344 2012 541 2080 quanquam
554 1990 663 2082 petita
678 1989 806 2080 sapius
820 1989 923 2057 venia
937 1989 973 2056 in
988 1988 1151 2077 Belgium
1165 1987 1353 2057 redeundi.

230 2095 491 2165 Maximilianus
519 2095 611 2187 quod
639 2096 688 2183 ¹ita
707 2097 743 2163 in
763 2095 930 2188 Hispania
957 2094 1113 2164 marchio
1141 2096 1357 2163 retineretur

230 2202 371 2272 dolebat
385 2210 429 2287 et,
447 2203 477 2271 si
496 2201 704 2292 Morilloniof
723 2203 887 2282 creditur,
917 2200 1146 2271 declaravisse
1169 2202 1354 2271 dicebatur

230 2311 355 2401 aRegc
371 2311 622 2393 marchionem,
644 2309 868 2379 Granvellani
886 2310 1009 2401 gratia,
1031 2309 1209 2378 coerceri⁸.
1232 2310 1354 2404 ltaque

230 2439 311 2485 cnm
326 2415 587 2486 Maximilianus
601 2418 777 2510 episcopis
791 2417 1150 2509 BelgicisaPontifice
1160 2416 1354 2510 petendum

229 2525 375 2602 censuit,
406 2530 446 2593 ut
458 2525 550 2614 'Regi
566 2523 789 2594 clementiam
809 2525 982 2608 suaderet,
996 2524 1219 2594 Morillonius
1248 2523 1353 2593 illum

226 2629 269 2699 ad
295 2630 331 2698 id
357 2653 378 2698 a
398 2631 601 2700 marchione
615 2632 781 2724 Bergensi
797 2638 831 2701 et
845 2632 1029 2718 Montinio,
1046 2633 1106 2724 qui
1125 2632 1168 2701 dc
1199 2654 1236 2701 se
1265 2633 1352 2724 ipsis

228 2738 403 2819 timerent,
421 2736 605 2805 inductum
620 2738 779 2807 dicebat‘.

271 2843 531 2914 Maximilianus
546 2845 689 2937 quidem
709 2870 730 2915 a
750 2846 980 2917 Granvellano
1002 2852 1120 2939 petere
1137 2848 1351 2939 cogitaverat

224 2958 265 3021 ut
291 2951 505 3020 marchionis
530 2957 564 3020 et
577 2953 740 3023 Montinii
757 2954 1036 3023 dimissionema
1057 2955 1152 3045 Rege
1178 2955 1352 3047 impetra-

224 3066 298 3129 ret⁸.
316 3058 471 3130 Marchio
487 3064 603 3129 antem
619 3060 676 3129 die
691 3063 731 3129 21
748 3063 881 3130 mensis
893 3062 977 3131 maii
994 3063 1079 3133 1567
1092 3061 1245 3131 Mantua
1262 3061 1351 3130 Car-

226 3172 433 3259 petanorum
451 3166 598 3235 decessit
614 3188 622 3236 :
638 3169 712 3259 ipse
734 3173 851 3260 aperte
873 3169 961 3238 dixit
982 3170 1113 3261 Regem
1134 3167 1351 3239 catholicum

228 3296 299 3341 suae
313 3274 438 3342 mortis
454 3296 593 3343 causam
609 3297 698 3358 esse,
715 3275 808 3367 quod
823 3299 859 3360 se
873 3276 1023 3345 invitum
1041 3275 1164 3369 perdiu
1180 3274 1350 3345 detinuis-

227 3378 299 3448 set'.
317 3379 503 3473 Philippus
517 3381 670 3455 abeundi
685 3384 822 3475 copiam
841 3384 873 3453 ei
897 3389 1033 3452 tantum
1055 3382 1150 3452 dedit
1172 3406 1255 3452 cum
1280 3406 1350 3452 non

223 3486 297 3577 jam
312 3509 331 3555 e
345 3486 468 3556 morbo
489 3488 640 3558 recreari
655 3512 755 3581 posse
771 3513 851 3558 eum
866 3490 988 3560 novit⁷,

267 3592 544 3674 Maximilianus‚
561 3596 608 3664 ait
622 3595 854 3682 Morillonius,
871 3598 1087 3667 marchionis
1100 3599 1241 3667 obitum
1260 3620 1347 3667 con-

256 3770 282 3823 1.
298 3771 422 3835 Gorreap.
438 3771 471 3823 de
488 3772 638 3838 Gronvetle,
654 3774 674 3836 1,
688 3789 714 3839 p.
730 3776 785 3826 116.

257 3868 285 3923 2.
304 3868 424 3934 Gomeap.
436 3870 469 3920 de
479 3870 604 3938 Philippa
614 3874 650 3935 11,
666 3877 684 3925 t.
698 3872 719 3936 I,
734 3888 760 3938 p.
770 3873 831 3926 417.

257 3965 286 4019 3.
305 3966 427 4032 Correap.
443 3968 476 4018 de
490 3968 725 4036 Granaelle,11,p.
739 3971 796 4024 478.

262 4066 287 4117 4.
302 4063 370 4116 itta.
385 4063 417 4129 11,
429 4079 457 4130 p.
473 4064 531 4120 245.

265 4163 291 4216 5.
302 4162 370 4216 lbtd.
385 4162 419 4225 11,
432 4177 459 4227 p.
470 4163 529 4216 563.

269 4263 293 4313 6.
310 4262 452 4324 Gacnxan,
468 4262 495 4315 lc
511 4263 697 4331 Bthttotlttque
711 4266 855 4320 Nationole
865 4270 883 4320 ὰ
894 4270 981 4324 Porta.
994 4269 1026 4332 11,
1041 4282 1069 4333 p.
1084 4269 1140 4324 238.

267 4361 292 4413 ἵ.
309 4361 432 4426 Correcp.
448 4361 479 4413 de
495 4360 702 4428 Ptttippe11„t.
718 4365 741 4428 1,
753 4379 780 4429 p.
794 4366 850 4419 585.
