2968 5072
242 441 303 505 182
643 456 684 503 nr
703 455 797 502 varus
816 453 965 502 amman

288 601 359 670 Neo
375 600 435 669 diu
454 608 515 670 aut
530 623 621 694 saepe
643 599 903 671 Maximilianus
925 598 1008 690 quid
1032 598 1074 666 de
1099 596 1204 667 venia
1231 594 1357 662 Albano
1463 620 1464 637 ¹

245 730 408 778 concessa
422 709 564 777 sentiret
578 707 749 800 explicare
764 708 888 800 potuit.
908 706 1005 775 Obiit
1019 706 1114 773 enim
1129 704 1183 772 die
1199 705 1242 773 29
1270 723 1357 769 men·
1463 690 1464 753 ἶ

243 816 292 883 sis
331 814 470 907 augusti
512 816 610 884 1570.
651 815 737 882 Cum
774 815 913 882 Annam
947 813 1167 881 Austriacam
1206 808 1354 900 Philippi

245 921 388 990 secundi
408 922 562 990 futuram
585 923 772 1012 conjugem
797 921 1001 1012 Hispaniam
1024 923 1199 1012 petentem
1222 917 1358 984 comita·

245 1035 352 1109 retur,
370 1026 552 1121 apoplexia
570 1049 755 1120 oppressus
770 1026 892 1119 Bergis
908 1026 949 1095 ad
964 1027 1108 1095 Zamam
1122 1024 1241 1093 subito
1262 1044 1357 1091 occu·

244 1133 342 1203 buit‘.
359 1134 482 1204 Mortis
497 1137 572 1226 ejus
592 1135 744 1202 nuncius
765 1134 832 1202 fuit
859 1134 1036 1204 Cameraci
1058 1133 1113 1201 die
1141 1133 1183 1200 30
1205 1128 1357 1221 ejusdem

246 1243 377 1310 mensis
406 1242 571 1332 magister
598 1241 723 1310 Petrus
750 1242 898 1333 Buquet‚
937 1240 1030 1309 filius
1067 1238 1221 1308 consulis
1257 1236 1358 1326 hujus
1463 1314 1464 1317 Ἴ

245 1349 388 1440 oppidi;
419 1370 546 1440 corpus
574 1347 730 1416 defuncti
741 1347 975 1418 Maximiliani
990 1345 1134 1415 allatum
1160 1352 1212 1414 est
1241 1344 1359 1414 Came-

245 1477 364 1524 racum
389 1453 445 1524 die
472 1456 493 1521 2
522 1454 651 1523 mensis
678 1453 883 1547 septembris
911 1461 946 1523 et
973 1453 1152 1524 conditum
1182 1454 1219 1521 in
1248 1450 1359 1521 loculo

246 1560 413 1655 plumbeo
440 1562 534 1654 quod
560 1562 709 1630 vehebat
735 1585 876 1638 currus3
908 1562 963 1631 die
991 1564 1011 1631 9
1045 1560 1202 1653 ejusdem
1236 1559 1360 1627 mensis

247 1671 356 1739 humo
386 1669 589 1738 mandatum
619 1676 670 1738 est
696 1668 787 1738 circa
818 1669 943 1738 horam
972 1670 1133 1760 quintam
1159 1691 1180 1735 a
1205 1666 1359 1759 prandia,

248 1776 490 1846 assistentibus
505 1775 707 1845 Norcarmio
724 1783 759 1844 et
772 1777 959 1868 praeposito
976 1798 1056 1845 oum
1072 1764 1245 1856 scabinis;
1261 1796 1360 1866 porro

250 1893 328 1977 post
343 1883 548 1952 electionem
564 1882 645 1951 novi
662 1884 924 1975 archiepiscopi,
941 1882 1109 1952 Ludovici
1123 1881 1359 1959 Barlamontii,

248 1990 459 2060 acanonicis
474 1990 513 2059 B.
539 1990 657 2059 Mariae
681 1990 939 2060 Cameracensis
963 1990 1147 2060 celebrata
1170 1996 1252 2058 sunt
1272 2011 1363 2057 exse·

250 2101 342 2191 quiae
369 2096 600 2169 Maximiliani
629 2100 666 2165 in
694 2098 801 2167 choro
829 2097 988 2168 Basilica
1020 2099 1059 2166 B.
1085 2099 1205 2168 Mariae
1234 2098 1362 2167 decimo

252 2208 401 2298 septimo
417 2206 472 2272 die
496 2204 674 2288 Octobris;
697 2207 755 2275 hic
776 2212 951 2275 exstructa
972 2213 1045 2274 erat
1067 2205 1214 2275 aedicula
1240 2206 1360 2295 lignea,

248 2314 308 2382 ubi
326 2312 489 2380 m‘dcbant
504 2311 630 2401 viginti
646 2320 680 2380 et
694 2317 833 2381 centum
848 2314 948 2393 cerei,
966 2319 1001 2381 et
1020 2314 1272 2405 quinquaginta
1287 2336 1363 2401 pau·

249 2443 360 2514 peres,
379 2442 499 2488 omnes
514 2419 629 2487 induti
645 2421 735 2511 togis
749 2421 870 2512 nigris
889 2420 995 2488 taedas
1010 2420 1184 2489 tenebant.
1199 2419 1364 2488 Hoccele·
1435 2454 1440 2463 ·

249 2529 309 2596 bre
324 2550 454 2595 munus
468 2527 701 2596 honestabant
714 2527 897 2619 praesentia
911 2528 1065 2619 episcopi
1080 2527 1316 2595 Atrebatensis
1335 2533 1366 2595 et

249 2635 498 2704 Namurcensis
513 2640 548 2701 et
560 2632 812 2725 quamplurimi
830 2635 1045 2704 venerabiles
1065 2633 1217 2718 abbatae,
1241 2635 1364 2725 Aequi·

251 2742 424 2811 cinctinus
439 2747 474 2809 et
493 2741 746 2810 Hasneniensis
766 2740 895 2835 aliique
916 2743 982 2810 viri
1001 2740 1184 2811 nobilitate
1201 2739 1363 2809 illustres.

250 2849 479 2917 Tornacensis
496 2847 639 2916 missam
655 2848 845 2918 celebravit
870 2855 904 2917 et
918 2849 1155 2921 Atrebatensis
1165 2848 1365 2919 defunctum

251 2956 428 3025 laudavit.

280 3189 303 3238 l.
315 3191 384 3242 Anu.
395 3191 524 3241 Rurssius
532 3189 639 3254 Belpicc
650 3189 815 3250 Christiana,
825 3204 852 3254 p.
864 3188 974 3240 184-185.
984 3216 1016 3227 -
1027 3188 1148 3252 soruesp.
1160 3189 1193 3240 de
1202 3189 1364 3254 Phiiippell,

248 3274 267 3320 t.
282 3268 314 3332 ΙΙ,
326 3285 351 3334 p.
362 3270 417 3322 150.
432 3297 464 3309 -
476 3270 617 3331 Gnouann,
630 3269 799 3334 Bibliobique
808 3269 951 3321 Nationalc
965 3271 983 3319 ὰ
996 3270 1083 3330 Paris,
1099 3274 1117 3319 t.
1131 3268 1165 3330 ΙΙ,
1180 3283 1207 3334 p.
1220 3269 1276 3321 494.
1288 3297 1318 3307 -
1329 3270 1364 3321 La

250 3351 333 3412 Gaas,
349 3350 507 3401 liecbercbcs
529 3364 578 3400 sur
591 3349 692 3413 l'iplisc
705 3350 921 3412 metropolitains
935 3351 968 3401 da
983 3347 1116 3411 Gambrai,
1130 3364 1155 3414 p.
1166 3350 1208 3411 53,
1221 3351 1261 3411 64,
1275 3351 1317 3402 85.

279 3449 305 3499 2.
322 3449 370 3498 us.
386 3463 419 3498 nn
432 3450 499 3511 Bau,
516 3448 564 3512 Op.
577 3449 632 3509 cii„
648 3462 674 3511 p.
687 3447 743 3498 145.
763 3447 964 3512 -Sepulcrum
983 3447 1153 3498 Maximlliani
1180 3448 1223 3499 die
1239 3453 1255 3501 9
1271 3452 1364 3499 mansis

250 3528 372 3579 Octobris
386 3529 447 3579 1822
455 3531 572 3591 apertum
596 3531 636 3578 est
660 3542 772 3592 ossaque
788 3533 869 3578 eruta.
887 3529 967 3578 Erant
977 3530 1049 3592 juxta
1063 3530 1198 3579 choruma
1215 3529 1325 3591 sinistra,
1338 3530 1363 3579 in
1463 3570 1464 3587 .

249 3611 321 3661 fossa
348 3607 431 3673 lapide
448 3610 573 3673 quadrato
590 3608 673 3659 lactas
688 3609 749 3670 ejns
774 3609 802 3657 in
826 3608 965 3672 parietlbus
985 3609 1113 3673 insculpta
1134 3610 1221 3659 crucis
1238 3612 1324 3672 imago
1342 3615 1367 3661 et
1463 3634 1464 3695 p

251 3689 367 3751 insignia
379 3689 508 3751 religiosa.
525 3689 554 3738 lu
567 3690 660 3751 capulo
670 3701 783 3753 quercea
792 3702 854 3738 ossa
868 3690 950 3738 erant.
966 3687 1193 3751 Cspsuloejunctas
1210 3693 1283 3741 erant
1303 3693 1362 3751 ires,

252 3782 362 3834 quarum
374 3770 486 3819 maxima
500 3770 528 3819 in
544 3783 612 3821 arce
624 3770 735 3821 formam
746 3769 879 3818 vasculum
895 3769 1115 3821 amaneumlinteo
1129 3771 1276 3821 involutum
1290 3772 1367 3822 conti

250 3852 335 3912 nebat,
348 3850 376 3898 in
386 3863 437 3912 quo
451 3849 585 3899 videbatur
599 3864 658 3900 esse
671 3849 778 3910 sanguis
792 3850 931 3898 concretus
946 3850 1052 3899 ecordis
1072 3851 1222 3901 ventriculis
1236 3855 1263 3902 et
1286 3853 1368 3915 majo·

252 3930 405 3980 ribusvenis
415 3932 553 3979 extractus.
565 3930 652 3979 lnalia
666 3929 781 3992 capsula,
792 3930 899 3979 minima
909 3931 935 3980 et
949 3929 1018 3989 rudi.
1036 3934 1109 3980 eraut
1128 3933 1215 3982 cordis
1239 3932 1362 3996 reliquiae.

248 4012 278 4060 In
291 4008 633 4072 tertlaarchieplscoplesse
655 4009 763 4073 pallium
790 4009 925 4073 inscriptio
948 4010 1078 4072 latina,1n
1099 4012 1231 4075 superiore
1255 4014 1364 4078 capsula
1463 4068 1464 4079 p

245 4090 334 4142 tabula
345 4088 493 4148 incisa,dec
503 4089 599 4140 errabat.
613 4089 651 4142 La
665 4089 748 4149 Gme,
768 4089 815 4156 Op.
831 4092 875 4146 cii.
893 4104 919 4154 p.
934 4090 1021 4141 65-66.
