2958 5076
243 482 283 541 66
451 498 593 551 ooorrooo
615 498 787 549 rrrsoorur
807 498 929 546 uorum
951 499 1085 546 rororus
1106 501 1151 546 srr

244 663 287 709 ex
301 641 447 710 concilio
462 640 662 711 Tridentino
679 634 857 713 decretum
868 641 1065 735 accepimus
1081 649 1146 713 »et
1157 644 1223 713 sub
1235 645 1360 714 finem:

243 772 262 815 c
284 749 465 819 Postremo
485 750 628 819 mandat
645 751 720 819 haec
744 759 860 820 sancta
885 751 1039 842 synodus
1058 752 1223 820 omnibus
1243 758 1281 821 et
1299 753 1364 820 sin-

241 855 334 947 gulis
349 857 533 950 episcopis,
552 856 744 942 abbatibus,
763 858 923 950 capitulis
939 865 973 926 et
988 858 1066 926 aliis
1082 858 1363 951 quibuscumque

243 964 400 1053 personis
420 963 664 1034 ecclesiasticis
684 973 718 1033 et
740 964 967 1034 saecularibus
986 971 1026 1034 ut
1046 967 1227 1058 praemissa
1248 965 1364 1034 omnia

242 1077 277 1138 et
294 1070 433 1164 singula
452 1078 486 1141 et
505 1095 584 1163 quae
605 1096 625 1140 a
655 1094 750 1140 sacro
771 1072 918 1142 concilio
947 1072 1146 1141 Tridentino
1176 1074 1365 1141 constituta

242 1184 338 1262 sunt,
364 1179 517 1249 districte
538 1179 719 1248 observent
742 1185 777 1248 et
799 1180 976 1249 observari
999 1180 1139 1262 faciant,
1167 1180 1232 1249 sub
1255 1177 1365 1272 poenis

241 1282 330 1353 inibi
347 1288 538 1379 respective
555 1287 725 1355 contentis
739 1292 762 1356 ¹.
781 1312 799 1353 ›

292 1392 473 1463 Postremo
488 1393 716 1464 Maximiliani
733 1416 831 1463 mens
850 1398 922 1462 tota
936 1394 973 1461 in
986 1393 1228 1464 Publicctione
1248 1394 1364 1464 Conci·

242 1504 282 1572 lii
297 1509 359 1581 est,
375 1500 468 1571 unde
484 1508 625 1594 apparet
638 1525 709 1570 non
725 1525 766 1570 ex
785 1502 962 1583 mandato,
985 1502 1044 1571 sed
1059 1502 1233 1572 bonafide
1250 1503 1366 1572 decre·

241 1612 286 1679 tis
310 1609 519 1678 Tridentinis
544 1608 823 1677 Maximilianum
851 1610 1023 1678 assentiri.
1053 1610 1132 1678 Non
1160 1632 1364 1701 possumus,

242 1717 369 1809 inquit,
402 1716 569 1783 ‹infitias
598 1717 648 1783 ira
677 1717 762 1807 quin
791 1739 970 1785 sacrorum
999 1739 1172 1785 canonum
1201 1717 1366 1809 neglectu

243 1845 452 1916 morumque
478 1823 729 1892 deformatione
753 1847 791 1891 ao
815 1824 897 1892 vitae
917 1822 1145 1893 dissolutione
1165 1849 1184 1890 a
1205 1824 1367 1892 hostibus

243 1931 398 2002 ecclesiae
424 1953 520 1998 arma
539 1930 752 1999 dederimus.
785 1930 975 1999 «Proinde
1004 1931 1084 1999 licet
1112 1953 1235 1999 causas
1265 1930 1369 1999 nobis

243 2040 326 2109 satis
345 2038 487 2108 idoneas
507 2038 639 2106 oblatos
662 2061 736 2106 esse
758 2037 969 2127 judicemus,
997 2062 1039 2107 ex
1065 2038 1203 2106 concilii
1226 2037 1370 2107 Triden-

243 2147 308 2216 tini
322 2146 497 2227 mandatO,
515 2168 621 2236 quare
638 2145 811 2237 synodum
830 2154 956 2215 noslrae
972 2145 1161 2237 provinciae
1177 2168 1286 2235 quarn
1301 2147 1370 2237 pri-

244 2277 344 2322 mum
359 2275 576 2345 cogeremus,
592 2258 709 2322 tamen
725 2276 765 2322 ea
780 2276 835 2321 res
850 2277 913 2322 nos
933 2253 1075 2344 impulit
1089 2253 1256 2337 maxime,
1275 2253 1370 2343 quod

243 2365 397 2430 veterem
427 2360 584 2431 ecclesiae
619 2360 908 2428 consuetudinem
942 2360 1009 2428 hoc
1041 2366 1197 2451 tempore
1231 2360 1370 2427 restitui

246 2469 370 2537 debere
392 2489 606 2553 censeamus,
628 2491 709 2536 oum
733 2467 810 2535 aliis
830 2467 991 2559 plurimis
1010 2466 1203 2534 rationibus
1232 2466 1370 2535 inducti
1475 2502 1476 2515 κ

246 2599 283 2643 ac
299 2575 438 2668 publico
453 2573 610 2667 periculo
627 2575 764 2656 moniti,
781 2582 857 2643 tum
872 2580 912 2643 ut
931 2597 1008 2664 quae
1023 2574 1116 2642 mala
1131 2574 1168 2641 in
1183 2573 1371 2641 ecclesiam

248 2682 379 2751 invexit
397 2682 479 2749 vitae
499 2681 695 2766 dissolutio,
718 2680 839 2752 eadem
864 2705 1003 2751 morum
1027 2681 1277 2749 reformatione
1298 2681 1374 2749 tol-

248 2789 366 2858 lantur
379 2788 401 2858 ¹.
419 2814 438 2855 a
454 2789 593 2857 Etenim
610 2812 651 2858 ex
667 2813 738 2857 suae
758 2790 945 2882 provinciae
964 2789 1160 2857 visitatione
1181 2788 1374 2857 intellexe-

248 2902 301 2965 rat
326 2896 480 2966 ecclesiae
505 2895 700 2969 miseriase
728 2902 909 2989 pastorum
928 2896 1194 2987 intemperantia
1215 2901 1316 2963 notas
1337 2901 1373 2963 et

248 3002 442 3074 remedium
467 3027 541 3074 esse
568 3005 605 3072 in
625 3003 770 3073 decretis
796 3005 942 3073 Concilii
965 3002 1156 3071 Tridentini
1182 3003 1373 3094 aprovin-

248 3111 327 3182 ciali
338 3113 470 3205 synodo
488 3112 658 3203 acceptis:
682 3111 806 3181 «Cum
826 3111 952 3203 saepius
968 3113 1135 3179 internos
1156 3109 1198 3177 de
1213 3109 1371 3201 periculo
1473 3128 1474 3137 ¹

249 3218 342 3310 quod
362 3219 557 3288 maximum
577 3217 732 3287 ecclesiis
751 3218 940 3310 impendet,
968 3216 1170 3308 depellendo
1191 3239 1373 3306 quaerere-

249 3350 341 3410 mus,
357 3326 433 3396 hoec
448 3349 519 3394 una
533 3327 570 3393 in
591 3325 713 3394 ceteris
733 3348 829 3393 sacra
857 3325 959 3393 nobis
988 3346 1113 3392 ancora
1140 3324 1216 3391 visa
1244 3330 1308 3406 est,
1341 3323 1372 3390 si

250 3439 386 3502 mature
421 3433 610 3502 concilium
643 3432 831 3524 provinciae
864 3432 1121 3500 Cameracensis
1159 3431 1368 3499 haberetur:

250 3542 287 3609 in
306 3564 374 3632 quo
395 3563 476 3609 cum
499 3540 541 3608 de
567 3540 791 3608 restaurando
815 3538 1009 3630 disciplina,
1032 3543 1107 3605 tum
1126 3559 1209 3605 vero
1230 3538 1272 3605 de
1294 3537 1372 3605 doo-

250 3648 343 3716 trine
359 3647 557 3716 Christiana
569 3646 804 3716 conservanda
828 3646 919 3714 inter
932 3650 1045 3738 patres
1071 3646 1309 3736 agitaretur.»
1332 3643 1371 3712 ld

251 3753 402 3824 maxime
427 3761 566 3847 exoptat
595 3759 674 3823 «ut
700 3754 872 3847 quidquid
897 3751 1153 3821 oecumenioum
1180 3752 1371 3820 concilium

250 3861 493 3931 Tridentinum
518 3862 687 3941 statuerit,
718 3863 754 3930 id
775 3884 873 3931 sacro
896 3865 1056 3929 sanctum
1082 3858 1246 3927 omnibus
1271 3859 1316 3926 sit
1336 3862 1371 3925 et
1471 3898 1472 3907 κ

251 3968 467 4051 inviolabile,
489 3969 656 4063 quidquid
677 3968 771 4039 idem
789 3969 1008 4038 anathemate
1030 3967 1259 4051 damnaverit,
1278 3965 1312 4032 id
1329 3971 1370 4033 ut

252 4099 374 4145 omnes
390 4083 593 4145 execrentur
608 4102 626 4143 ›
640 4078 662 4145 ³.

281 4228 305 4279 t.
321 4227 413 4289 Lacte,
428 4227 484 4289 XV,
502 4244 530 4293 p.
545 4227 601 4280 179.

286 4327 311 4379 2.
327 4327 378 4388 ld„
393 4341 419 4390 p.
435 4325 490 4377 147.

280 4426 305 4476 3.
320 4426 373 4488 Id„
385 4440 410 4489 p.
429 4424 484 4477 149.
