2958 5076
336 367 376 413 nr
396 366 595 413 mxrunnao
618 366 791 416 cmurarrn
813 368 946 416 sursera
1142 352 1199 414 125

78 507 268 578 Bruxellas
283 508 338 579 die
356 510 468 602 primo
487 511 617 580 mensis
632 511 722 603 junii
741 514 827 583 ibib
843 518 1093 582 convenerunt.
1112 511 1201 581 Cum

78 615 305 705 Flandriaeet
321 617 471 710 TraJ‘ecti
487 618 717 687 conciliorum
737 619 955 712 praesidibus,
971 620 1100 688 summi
1118 642 1215 688 con-1

79 721 153 791 cilii
167 724 427 793 Mechliniensis
440 725 577 793 duobus
593 725 815 808 consiliariis,
834 725 998 817 (bangia,
1015 727 1202 820 Egmontio

80 830 320 923 Hornanoque
346 832 406 923 qui
429 854 447 901 e
467 833 584 902 Status
614 833 761 903 concilio
787 841 895 917 erant,
920 833 1204 903 deliberationem

78 938 292 1007 habuerunt.
304 940 471 1009 Proceres
487 941 803 1031 petieruntutalius
820 940 1064 1011 seditiosorum
1079 941 1205 1010 modus

78 1046 184 1128 toret,
206 1053 266 1115 aut
289 1047 402 1138 reipsa
424 1052 464 1115 ut
489 1048 604 1116 omnis
631 1071 734 1140 poena
758 1048 951 1118 tolleretur.
973 1050 1062 1118 Huic
1089 1055 1205 1119 autem

79 1152 245 1245 petitioni
260 1155 375 1222 lavere
393 1154 548 1246 episcopi
568 1178 638 1223 non
655 1161 826 1248 poterant,
845 1179 950 1248 quam
970 1156 1108 1249 Viglius
1131 1157 1204 1248 ipsa
1289 1240 1292 1247 Ι

79 1259 291 1351 repudiavit.
306 1260 435 1329 Triduo
455 1262 677 1330 vehementer
698 1262 929 1355 disceptatum
953 1270 1013 1333 est.
1040 1266 1205 1333 Attamen

76 1367 234 1460 episcopi
254 1368 290 1436 in
315 1391 394 1437 eam
421 1370 629 1438 sententiam
656 1376 913 1454 concesserunt,
932 1394 1008 1462 quae
1031 1372 1144 1443 edicta
1164 1371 1201 1438 in

77 1475 265 1545 haereticos
284 1474 354 1544 lata
374 1477 569 1568 mitigabat,
586 1483 626 1546 ut
642 1479 785 1547 servatis
800 1477 871 1546 illis
887 1478 1008 1548 edictis
1022 1479 1203 1571 juberetur

78 1582 174 1651 inter
203 1588 312 1651 sectas
342 1588 378 1651 et
401 1583 647 1653 hereticorum
672 1588 808 1654 aetatem
836 1592 940 1678 atque
962 1586 1204 1655 condicionem

78 1690 270 1760 discrimen
298 1690 385 1774 lieri,
414 1691 501 1760 alios
535 1714 652 1762 severe
684 1692 896 1786 supplicium
934 1695 1081 1779 solvere,
1116 1693 1204 1763 alios

79 1804 221 1866 tantum
237 1798 374 1890 publice
388 1799 541 1867 triremis
555 1822 650 1868 remo
673 1799 769 1891 affigi
796 1806 856 1869 aut
870 1801 971 1870 bonis
986 1803 1153 1871 multatos
1168 1802 1204 1870 in

80 1905 246 1976 exsilium
258 1906 331 1996 agi;
346 1906 417 1973 illis
430 1905 580 1998 denique
591 1930 664 1975 esse
677 1929 789 1998 poenae
802 1908 1046 1978 remissionem
1062 1912 1206 2003 quinon

81 2018 200 2083 essent
220 2013 373 2082 haeretici
394 2020 429 2082 et
450 2013 585 2083 visendi
611 2021 747 2083 tantum
774 2038 877 2085 causa
902 2024 963 2085 aut
990 2017 1205 2107 negligentia

80 2120 323 2212 peccavissent
356 2119 377 2188 ‘.
411 2121 575 2213 Episcopi
608 2144 746 2215 quoque
778 2122 988 2191 addiderunt
1013 2124 1091 2193 hoc
1130 2146 1204 2191 esse

82 2228 340 2320 Inquisitorum
355 2251 484 2297 munus
503 2229 675 2321 populum
694 2253 767 2298 non
779 2229 993 2320 judiciorum
1008 2229 1202 2311 severitate,

82 2335 144 2404 sad
161 2336 376 2426 benignitate
390 2346 423 2406 et
439 2339 581 2428 paterna
596 2337 736 2405 caritate
749 2337 924 2406 moderari
936 2336 958 2403 ⁸.

127 2441 292 2535 Episcopi
304 2449 419 2513 autem
436 2444 472 2513 in
487 2443 549 2512 illo
565 2443 714 2513 concilio
728 2466 853 2537 parum
864 2446 1055 2515 severitatis
1070 2448 1205 2539 praesti·

81 2548 167 2619 tisse
182 2549 344 2644 Philippo
356 2551 442 2643 Regi
456 2551 523 2631 ‚visi
539 2556 632 2620 sunt.
652 2551 716 2619 Die
732 2557 752 2622 8
765 2554 894 2621 mensis
909 2553 1061 2623 octobris
1074 2556 1205 2648 Marga-
1226 2568 1231 2577 ’

83 2657 160 2727 ritae
185 2657 324 2748 scripsit
344 2659 419 2726 Rex
444 2681 480 2726 se
505 2680 606 2726 nosse
631 2659 822 2729 nonnullos
847 2660 1026 2754 episcopos
1052 2663 1205 2755 legatum

84 2766 268 2845 missuros,
287 2764 346 2858 qui
366 2765 409 2834 de
422 2763 593 2855 religione
608 2788 643 2833 se
658 2764 877 2847 admoneret;
896 2790 931 2836 se
948 2775 1065 2838 autem
1079 2771 1115 2839 id
1126 2794 1207 2841 con-

84 2872 207 2942 silium
231 2873 481 2965 conprobare,
504 2894 593 2949 cum,
608 2873 690 2940 satis
710 2873 814 2942 sciret
835 2875 915 2967 quid
937 2876 1004 2943 sibi
1030 2878 1206 2968 agendum

85 2985 178 3049 esset
199 3002 263 3048 nec
284 2979 422 3048 deceret
441 2979 623 3071 episcopos
644 2981 776 3072 Regem
803 2981 897 3051 adire
923 2981 947 3053 ⁸.
970 2983 1092 3076 ltaque
1116 2987 1206 3078 Fray

84 3086 243 3171 Lorenco
267 3085 309 3155 de
330 3086 592 3169 Villaricencio,
610 3087 670 3178 qui
691 3086 888 3158 declarabat
908 3091 1104 3159 sacerdotes
1121 3092 1206 3161 Bel-

86 3195 186 3285 gicos
211 3193 287 3285 jam
309 3217 382 3263 non
407 3217 509 3287 posse
526 3195 710 3264 haereticos
727 3196 943 3265 acatholicis
969 3197 1162 3268 discernere
1180 3204 1201 3284 ⁸,

86 3301 268 3376 suadente.
283 3302 369 3381 Rex,
382 3324 583 3394 quanquam
594 3300 636 3371 de
651 3302 819 3393 religione
834 3304 1013 3394 agebatur,
1026 3307 1206 3401 episcopos

87 3410 209 3479 audire
235 3407 361 3492 noluit,
391 3431 477 3500 quos
503 3408 726 3500 benigniores
752 3409 839 3478 dixit
862 3418 895 3480 et
924 3413 1117 3482 timidiores
1141 3439 1207 3486 nec

87 3517 171 3586 satis
195 3521 334 3585 strenue
353 3517 579 3609 praedicantes
600 3515 621 3585 ⁸.
648 3516 903 3610 Episcoporum
925 3525 1043 3588 tamen
1066 3544 1206 3591 causam

86 3647 205 3718 agens,
224 3623 406 3717 Margarita
424 3645 483 3693 eos
506 3622 595 3715 Regi
615 3622 753 3715 scripsit
771 3646 843 3693 non
863 3646 938 3693 esse
954 3626 1203 3720 objurgandos,

115 3811 139 3863 l.
170 3811 326 3873 Horrenda,
346 3807 451 3863 Reeueil
469 3812 495 3862 et
515 3807 653 3861 Memoria!
672 3810 718 3861 dea
738 3809 855 3861 troubles
873 3811 919 3862 dec
936 3812 1065 3879 Papa-Bar
1087 3818 1124 3867 du
1146 3832 1204 3883 roy,

89 3905 144 3959 cap.
155 3893 191 3956 V,
208 3891 422 3944 betasimum
436 3892 480 3943 dee
495 3890 612 3959 totquec.

116 3992 142 4044 2.
157 3991 228 4043 ibid.
242 3993 269 4043 at
283 3991 392 4057 Pepicrr
401 3979 495 4042 dileat
508 3991 541 4042 dc
556 3988 704 4052 Granmlle,
720 3988 766 4051 1x3
780 4004 806 4054 p.
818 3989 875 4044 ⁴08.

118 4090 143 4141 3.
159 4089 283 4154 corresp-
297 4090 330 4142 dc
345 4088 513 4155 Philippeia
525 4092 543 4141 t.
559 4088 581 4151 1,
595 4104 621 4154 p.
634 4088 691 4140 369.

117 4188 143 4241 4.
157 4187 236 4249 Ibide,
249 4191 268 4239 t.
286 4187 318 4249 ΙΙ,
332 4203 358 4252 p.
371 4188 414 4239 87.

118 4288 143 4340 b.
156 4286 297 4350 Gacaaan,
310 4286 346 4338 tc
357 4284 541 4353 Bittictbique
554 4286 588 4337 de
600 4283 716 4345 liudrici,
728 4299 753 4347 p.
768 4284 812 4336 81.
