2988 5078
270 465 500 512 esunnscsswu
522 463 621 511 satan
641 460 786 510 ntsrontn:
808 465 1036 512 absentandum
1184 450 1221 511 13

99 609 347 703 addideratque
379 635 398 678 ‹<
423 635 441 680 e
472 637 509 682 re
536 614 800 683 Provinciarum
832 611 918 687 fore,
937 610 966 676 si
995 610 1089 677 hunc
1116 632 1220 700 quam

99 723 234 786 ceteros
249 717 286 785 in
302 719 487 789 consilium
503 723 657 791 crebrius
683 719 873 789 adhiberet.
901 741 919 783 »
942 717 986 785 Et
1000 739 1080 784 vere
1095 717 1220 807 dignus

98 831 172 894 erat
188 825 438 896 Granvellanus
454 851 557 920 quem
572 831 608 897 in
619 828 781 898 omnibus
797 823 943 916 publicis
965 821 1067 891 rebus
1083 823 1221 916 Marga-

98 933 165 1001 rita
177 934 323 1002 audiret.
341 935 495 1004 Avaritia
515 937 655 1028 quidem
684 942 717 1005 et
743 933 903 1025 superbia
929 931 1065 1023 Belgae,
1085 931 1218 1000 nobiles

99 1042 303 1133 pracsertim,
335 1043 545 1121 offendebat3
575 1044 635 1112 sed
655 1045 685 1111 ei
709 1042 869 1110 voluntas
894 1045 1057 1107 constans
1086 1046 1160 1107 erat
1186 1044 1219 1109 et

97 1149 230 1217 multus
242 1148 429 1239 Belgarum
441 1150 728 1244 Belgicarumque
750 1171 865 1218 rerum
886 1168 986 1229 usus;
1004 1145 1218 1216 consulendo

97 1264 131 1325 ct
145 1257 280 1347 agendo
297 1257 409 1326 audax
421 1264 494 1327 erat
509 1265 542 1328 et
560 1260 709 1351 publicas
729 1259 900 1349 regiaeque
918 1255 1077 1323 utilitatis
1091 1255 1219 1323 studio-

95 1365 256 1432 sissimus
270 1386 416 1433 necnon
431 1390 515 1436 suae.
531 1368 696 1435 Attamen
717 1389 808 1435 anno
829 1366 916 1433 loct
936 1362 1185 1432 Granvellanus
1201 1385 1219 1431 e

95 1471 347 1564 Belgioarege
378 1480 541 1543 evocatus
568 1483 630 1558 est,
662 1474 755 1566 quod
786 1475 823 1540 in
852 1494 933 1541 eum
952 1472 1110 1539 omnium
1139 1470 1220 1538 odia

5 1602 6 1605 ’
96 1586 343 1659 convenerant,
361 1604 431 1649 non
446 1582 550 1659 modo
570 1583 755 1666 nobilium,
772 1579 925 1672 Orangii,
939 1578 1117 1670 Egmontii
1130 1579 1219 1646 Hor·

96 1688 260 1779 uanique,
277 1689 336 1778 qui
352 1689 516 1758 adversus
532 1713 613 1759 eum
626 1696 678 1758 ter
701 1688 863 1780 Philippo
890 1687 963 1776 regi
992 1688 1215 1778 scripserunt,

94 1794 227 1862 foedera
256 1796 538 1887 conscripserunt
573 1795 779 1888 libellosque
815 1796 967 1862 famosos
1002 1800 1214 1884 sparserunt,

93 1903 273 1970 sedetiam
288 1904 492 1995 Margarita,
511 1927 588 1995 quae
604 1905 758 1996 primum
774 1900 1004 1972 Granvellano
1024 1902 1216 1969 maximam

91 2011 241 2097 gratiam
266 2010 398 2094 hahuit,
431 2017 550 2103 postea
583 2012 820 2105 superbiorem
852 2009 1036 2077 cardinalis
1067 2010 1215 2077 auctori-

94 2122 202 2185 tatem
217 2140 308 2208 aegre
323 2118 412 2185 tulit.
431 2119 689 2188 Maximilianus
706 2124 833 2201 autem,
854 2125 892 2185 ut
903 2116 1091 2215 qui‘multa
1104 2115 1215 2184 Gran-

93 2224 231 2293 vcllano
248 2225 399 2310 deberet,
416 2247 488 2294 non
502 2232 637 2318 poterat
651 2249 723 2294 non
736 2249 809 2294 esse
824 2222 1077 2292 cardinalitius:
1095 2224 1213 2316 itaque

93 2339 170 2402 ante
201 2355 331 2401 annum
362 2336 446 2403 tabl
479 2335 581 2403 rebus
607 2334 756 2425 Belgicis
787 2355 910 2424 parum
947 2332 1212 2415 interfuit,cum

91 2441 301 2532 gubernanti
329 2441 560 2510 Granvellano
583 2441 728 2510 consilia
747 2441 828 2509 dare
858 2463 931 2508 non
962 2439 1128 2508 auderet:
1160 2445 1214 2508 ut-

92 2554 169 2641 pote
186 2548 437 2626 cardinalitius,
455 2549 620 2617 cardinali
637 2554 774 2618 tantum
791 2548 933 2639 obsequi
950 2546 1120 2615 studebat.

134 2657 220 2725 Post
241 2656 463 2725 tiranvellani
488 2657 691 2737 discessum,
723 2655 918 2747 Margarita,
944 2677 1033 2745 quae,
1056 2655 1212 2746 profecto

90 2764 124 2831 in
139 2763 345 2856 Hispaniam
361 2787 451 2856 rege,
467 2764 695 2856 gubernatrix
710 2764 891 2855 designata
909 2767 994 2844 erat,
1018 2784 1087 2829 una
1109 2762 1211 2831 rebus

92 2870 241 2962 Belgicis
266 2872 416 2962 praefuit.
446 2872 543 2940 Tunc
575 2871 834 2942 Maximilianus
861 2869 903 2937 de
939 2868 1042 2937 rebus
1066 2868 1213 2960 publicis

92 2978 236 3048 liberius
250 2977 405 3069 loquitur
418 2984 451 3047 ct
462 2980 536 3069 jam
549 2979 822 3048 moderationem
836 2975 1125 3068 clementiamque
1139 2976 1211 3045 lau·

91 3085 159 3154 dat.
178 3087 260 3178 lpsa
279 3093 395 3153 autem
410 3086 594 3177 Margarita
608 3108 679 3154 non
692 3085 835 3155 omnino
849 3107 869 3152 a
883 3084 1068 3152 clementia
1087 3083 1210 3152 abhor-

91 3193 199 3273 rebat,
223 3199 256 3262 ct
282 3215 363 3261 cum
391 3216 483 3261 anno
517 3196 601 3263 1567
630 3193 671 3262 de
698 3192 878 3286 provincia
905 3191 1063 3271 decessit,
1093 3190 1210 3283 Belgis

91 3299 344 3392 ignoscendum
359 3301 445 3393 Regi
461 3301 610 3394 scripsit.
630 3301 748 3393 Neque
774 3299 867 3368 enim
887 3298 1085 3390 reipublicae
1100 3298 1212 3390 impe-

91 3409 155 3477 rita
167 3415 285 3477 crat«
301 3407 431 3477 Aderat
441 3410 472 3476 ci
490 3431 562 3477 non
573 3408 678 3477 modo
704 3408 843 3476 animus
864 3405 1073 3474 muliebrem
1093 3405 1212 3474 condi·

91 3516 229 3586 cionem
240 3537 497 3607 supergressus,
515 3516 574 3585 sed
596 3517 704 3584 etiam
728 3515 869 3583 habitus
895 3514 1035 3605 quidam
1055 3514 1210 3607 corporis

90 3623 326 3716 incessusque,
351 3645 419 3714 quo
445 3645 517 3691 non
543 3629 617 3692 tam
644 3624 775 3692 femina
802 3621 923 3692 sortita
950 3620 1016 3690 viri
1051 3622 1207 3714 spiritua,

80 3755 193 3837 ‘quam
211 3732 265 3801 vir
278 3732 462 3800 ementitus
486 3737 579 3801 veste
603 3731 772 3800 feminam
792 3729 969 3799 videretur
983 3728 1004 3796 ¹.
1032 3754 1051 3797 a
1079 3728 1209 3799 Aderat

91 3862 226 3933 quoque
240 3838 475 3931 gubernatrici
488 3844 521 3907 et
533 3861 700 3932 magnum
713 3837 861 3930 publicae
878 3836 1039 3905 utilitatis
1052 3837 1207 3906 studium

91 3954 123 4015 et
134 3954 217 4017 tunc
232 3970 309 4015 rara
323 3947 544 4016 abstinentia.
571 3948 671 4016 Mane
696 3945 858 4036 surgebat
880 3949 913 4013 ct
927 3944 1053 4013 cotidie
1070 3943 1207 4013 duobus

91 4055 245 4125 consiliis
259 4055 477 4146 praesidebat‚
500 4060 704 4147 potestatem
728 4053 783 4122 sui
808 4053 929 4121 multis
953 4052 1100 4121 faciebat
1115 4057 1148 4121 et
1165 4050 1207 4120 da

90 4164 249 4234 omnibus
275 4162 377 4233 rebus
402 4164 486 4255 Regi
509 4163 678 4231 minutius
708 4160 859 4231 scribere
887 4160 1031 4229 solebat.
1060 4159 1153 4242 Quot
1176 4164 1210 4228 et

125 4399 150 4455 t·
169 4401 288 4459 smus,
300 4412 326 4462 p.
341 4396 381 4447 ⁴7.
