2958 5076
204 399 245 459 86
525 410 667 463 cuonone
687 411 804 457 11111111
825 412 998 457 1111111111

205 557 376 639 Gasimiri,
399 555 676 623 calvinianorum
698 554 956 639 studiosissimi,
982 561 1096 641 erant;
1121 560 1192 650 qui,
1221 562 1319 651 equi-

203 670 280 731 tum
307 662 427 730 decem
449 661 674 754 peditumque
702 663 810 730 trium
840 663 992 731 millium
1020 687 1181 744 numero,
1214 666 1319 735 Gallis

203 770 377 839 haereticis
395 774 562 837 venerant
586 767 806 860 opitulatum.
833 772 862 837 Α
885 771 1064 839 catholicis
1086 796 1182 852 vero,
1209 781 1321 842 retro-

205 901 284 945 rum
299 875 377 969 plns
395 877 512 944 minus
533 881 683 965 quatuor
702 876 816 944 millia
836 876 1029 947 adduxerat
1043 879 1225 948 Saxonum
1240 882 1318 964 dux,

201 986 380 1054 lohannes
396 982 606 1064 Gulielmus,
624 1005 704 1051 cum
720 984 897 1052 caluisset
916 984 952 1051 in
967 985 1155 1055 Gatharina
1170 987 1322 1057 Medicea

203 1092 384 1174 calliditas,
421 1096 460 1158 ut
499 1112 580 1157 cnm
621 1089 823 1158 lutheranos
856 1091 1042 1183 principes,
1079 1094 1323 1164 hereticorum

202 1199 384 1268 rebellioni
399 1221 470 1266 non
485 1219 629 1276 sacram,
648 1204 684 1264 at
699 1196 838 1266 civilem
861 1198 1051 1268 admodum
1074 1199 1217 1270 subesse
1240 1227 1324 1271 cau-

203 1329 277 1374 sam
291 1313 396 1387 ratos,
415 1305 451 1371 in
467 1304 582 1372 medio
602 1303 812 1384 retinuisset,
829 1311 905 1373 tum
921 1308 1026 1375 etiam
1041 1331 1152 1376 unum
1177 1311 1323 1378 181111-

203 1436 289 1482 num
305 1411 453 1481 ducibus
469 1410 584 1479 Caroli
604 1411 687 1478 noni
710 1411 975 1503 stipendiarium
997 1415 1147 1483 militem
1169 1418 1321 1485 fecisset.

246 1520 298 1588 De
313 1519 388 1586 11111
403 1523 518 1586 autem
534 1519 638 1587 retris
653 1517 827 1602 omnihus,
849 1528 933 1610 pace
950 1521 1051 1605 lacta,
1077 1522 1159 1612 quid
1183 1525 1266 1592 liet?
1283 1564 1324 1574 -

204 1628 291 1697 Gum
307 1627 349 1695 de
367 1627 431 1694 hoc
442 1625 534 1717 apud
544 1624 660 1694 Gallos
674 1625 778 1694 hodic
795 1632 971 1716 quaeratur
985 1637 1024 1696 ut
1037 1629 1249 1723 alienigenas
1265 1633 1325 1698 mi-

205 1739 295 1815 lites
314 1737 372 1827 qui
386 1734 539 1802 maximo
557 1735 593 1801 in
607 1757 754 1805 numero
771 1756 845 1802 esse
861 1732 1067 1818 dicuntur,a
1083 1759 1118 1804 se
1134 1737 1322 1815 dimittant,

206 1843 337 1937 grande
353 1841 550 1934 periculum
580 1848 632 1909 est
646 1865 690 1909 ne
705 1864 764 1910 eos
785 1840 886 1908 facilc
909 1843 1139 1912 exterminare
1154 1866 1227 1912 non
1242 1867 1327 1936 pos-

207 1952 364 2020 1111111111
380 1950 511 2042 ingenti
528 1948 698 2018 Catholici
714 1950 805 2040 regis
825 1947 959 2017 civibus
986 1948 1083 2018 illato
1103 1951 1323 2020 detrimento.

204 2060 356 2127 -Num
371 2063 492 2149 agatur
507 2057 650 2124 omnino
677 2055 719 2124 de
738 2056 831 2148 justa
853 2056 1003 2146 quadam
1026 2057 1226 2127 dimissione
1251 2083 1325 2150 quae

109 2194 111 2199 ·
206 2166 417 2256 alienigenas
437 2164 522 2231 istos
546 2186 608 2254 per
633 2163 765 2231 vicinas
788 2163 964 2255 dispergat
988 2165 1169 2255 regiones?
1183 2167 1325 2235 Minime

207 2271 359 2363 quidem.
376 2270 481 2339 Novit
495 2270 589 2338 enim
604 2270 862 2338 Maximilianus
885 2272 1013 2360 quanto
1030 2271 1212 2341 Gallorum
1229 2297 1325 2366 reges

207 2380 427 2448 Austriacam
442 2378 594 2447 Domum
612 2382 775 2467 (quacum
790 2401 922 2445 nonum
936 2378 996 2445 vix
1011 2403 1142 2448 annum
1157 2404 1224 2473 pax
1239 2404 1326 2450 aaranw

207 2486 315 2575 venit)
332 2484 411 2554 odio
436 2490 705 2575 prosequentum
732 2485 831 2552 novit
852 2486 936 2553 item
962 2485 1187 2555 Gatharinam
1216 2488 1327 2557 Medin

209 2615 307 2660 ceam
322 2614 401 2660 cum
417 2590 630 2659 Calvinianis
647 2590 751 2680 (sicut
765 2598 800 2659 et
814 2596 915 2659 antea
934 2593 1017 2660 fecit
1032 2599 1071 2662 ut
1091 2594 1221 2664 Gratiae
1236 2596 1327 2664 Por-

209 2705 285 2767 tum
300 2698 424 2790 Anglis
444 2696 652 2787 detraheret)
677 2698 792 2766 foedus
815 2698 941 2766 iterum
964 2700 1075 2768 lacere
1097 2723 1199 2792 posse
1223 2709 1263 2772 ut
1287 2726 1327 2771 ex

209 2807 344 2896 magnis
372 2803 526 2896 Philippi
555 2804 699 2873 secundi
731 2804 990 2874 difficultatibus
1018 2806 1188 2897 eripiendi
1217 2810 1327 2903 Belgii

209 2913 323 3005 capiat
337 2912 916 2981 occasionem.-Ghristianissimo
928 2913 1013 3005 regi,
1027 2914 1085 2992 ait,
1094 2920 1166 2982 tam
1176 2917 1327 3009 maligne

210 3019 348 3090 suaderi
362 3018 486 3114 possit,
503 3025 554 3097 ut,
571 3018 665 3087 haud
679 3021 862 3088 meliorem
884 3042 1039 3110 unquam
1060 3021 1126 3091 sihi
1141 3022 1216 3090 lore
1232 3047 1329 3092 occa·

210 3128 342 3197 sionem
357 3135 465 3209 ratus,
483 3148 563 3193 cum
585 3126 660 3193 istis
674 3126 879 3195 calvinianis
898 3128 1099 3196 societatem
1117 3129 1215 3197 ineat
1233 3136 1269 3198 et
1287 3155 1327 3200 ex

210 3235 399 3327 improviso
414 3255 478 3302 nos
494 3234 678 3325 opprimat.
696 3232 795 3301 Adde
811 3233 903 3323 quod
917 3257 1081 3326 magnam
1090 3237 1248 3326 pecuniae
1256 3238 1327 3305 vim

210 3344 247 3410 in
261 3342 410 3411 Palatini
426 3340 570 3409 Comitis
585 3362 708 3409 manus
724 3341 886 3408 incidisse
906 3340 1049 3419 dicitur;
1068 3342 1158 3431 quod
1179 3365 1329 3435 magno-

211 3471 291 3541 pere
307 3450 463 3518 conferre
482 3447 593 3539 possit
614 3447 714 3515 istius
738 3448 831 3515 modi
860 3449 1075 3516 occasionem
1103 3471 1141 3516 ac
1170 3451 1330 3519 volunta·

211 3561 294 3623 tem.
312 3555 388 3638 Qua
403 3553 543 3644 quidem
558 3553 706 3646 pecunia
721 3554 989 3645 haudquaquam
1001 3555 1124 3624 dubito
1139 3555 1223 3646 quin
1231 3557 1331 3626 Pala·

212 3659 569 3731 tinusilleCondaeum
584 3661 628 3730 ad
642 3684 755 3729 assem
764 3661 965 3752 adjuvet—
974 3661 1186 3730 Calvinianis
1200 3670 1328 3753 autem,

212 3776 253 3838 ut
267 3768 310 3837 ad
325 3769 418 3837 istud
441 3769 627 3838 consilium
651 3770 832 3840 Gallorum
861 3791 980 3860 regem
1009 3768 1196 3850 adducant,
1228 3772 1332 3863 adju-

212 3885 328 3947 mento
344 3875 409 3945 erit
424 3899 503 3946 cum
519 3899 560 3945 ea
575 3883 658 3946 aetas
674 3901 713 3946 ac
727 3876 899 3956 condicio,
917 3899 985 3968 qua
998 3899 1093 3944 nunc
1107 3876 1240 3961 illeest,
1257 3884 1331 3947 tum
1377 3956 1380 3961 ξ

214 3990 265 4053 111
279 3990 314 4053 11
328 3989 433 4051 tantae
445 3983 664 4053 difficultates
685 3984 810 4076 quihus
831 3983 1042 4052 catholicum
1057 4006 1194 4076 quoque
1213 4008 1330 4077 regem

214 4090 433 4182 implicatum
448 4112 522 4158 csse
543 4090 674 4182 liquet:
698 4090 802 4174 unde,
831 4091 1008 4183 perpensis
1029 4090 1191 4159 omnihus
1213 4093 1327 4172 rebus,

213 4198 408 4268 necessario
423 4197 509 4265 mihi
525 4197 805 4267 concludendum
828 4199 883 4276 sit,
901 4199 968 4265 nisi
991 4197 1159 4265 miraculo
1181 4199 1329 4288 quodam

215 4305 440 4375 intervenerit
467 4302 586 4373 dextra
615 4305 743 4389 divina,
780 4329 851 4374 non
884 4327 985 4398 posse
1020 4328 1091 4373 non
1126 4306 1328 4398 religionem
