2968 5072
261 384 321 446 tae
743 401 905 450 cormesio

263 550 527 625 consentaneus,
544 549 620 612 tum
644 543 869 637 prudentium
891 545 1190 639 honestorumque
1208 543 1373 638 presbyte
1467 532 1468 539 ἵ

262 672 384 718 rorum
399 650 572 744 exemplo,
585 658 660 720 tum
674 651 804 722 scholis
820 650 966 722 Petrum
982 654 1166 723 Soeietatis
1180 652 1262 721 Jesu
1278 673 1373 743 opera

261 757 484 827 instituendis
519 758 625 828 fidem
656 758 865 828 catholicam
895 760 1101 830 servandam
1129 766 1267 835 censet3
1304 765 1375 826 ante

261 863 388 933 Albani
404 865 605 953 adventum,
620 867 752 958 Regem
779 868 896 958 ipsum
911 867 1061 948 invocat,
1077 866 1139 959 qui
1160 867 1196 935 in
1220 865 1374 956 Belgium

261 971 337 1040 sine
365 970 491 1042 bellico
530 979 698 1065 apparatu
733 974 851 1042 veniat
884 973 1089 1067 nobilesque
1124 997 1163 1043 ac
1198 972 1375 1065 populares

261 1078 416 1147 intensos
432 1077 499 1147 sibi
510 1078 724 1148 humanitate
737 1076 954 1158 reconciliet:
973 1086 1005 1150 et
1018 1081 1155 1149 Albano
1169 1079 1376 1172 gubernante
1452 1132 1454 1135 v

261 1184 526 1278 anbarumque
553 1185 711 1256 Concilio
733 1187 893 1256 instituto
918 1190 1058 1256 veniam
1075 1186 1278 1278 generalem
1295 1177 1377 1276 prae-

264 1289 367 1361 dicat.

307 1397 377 1467 Diu
398 1402 514 1467 autem
532 1401 637 1469 venia
661 1399 722 1469 illa
743 1399 849 1469 dilata
868 1407 934 1469 est:
958 1424 1037 1470 cum
1053 1400 1195 1470 tandem
1210 1399 1377 1494 publicata

264 1510 326 1583 est,
350 1506 388 1573 in
410 1507 700 1599 promulgationis
726 1509 929 1576 caerimonia
950 1507 1214 1578 Maximilianus
1239 1508 1376 1575 missam

263 1610 452 1681 celebravit
464 1618 497 1681 et
509 1613 564 1681 Pii
576 1637 673 1706 papae
686 1615 716 1683 V
731 1615 866 1684 litteras
878 1615 1053 1685 recitavit:
1070 1637 1270 1707 Qanqrram
1283 1615 1377 1682 innu-

260 1738 367 1787 merae
388 1720 607 1812 exceptiones
626 1722 726 1812 quasi
746 1722 881 1790 irritam
901 1721 999 1790 illam
1019 1722 1159 1791 veniam
1185 1720 1377 1814 generalem

260 1827 431 1910 lecerunt,
454 1826 716 1897 Maximilianns
739 1828 868 1921 dignus
884 1836 958 1897 erat
975 1830 1035 1920 qui
1056 1829 1092 1896 in
1114 1852 1254 1922 pompa,
1279 1850 1376 1919 quam

259 1933 470 2025 jamdudum
482 1941 518 2003 et
532 1935 716 2027 exoptabat
727 1939 760 2004 et
769 1945 962 2027 paraverat,
975 1937 1048 2005 lere
1058 1935 1256 2028 prinoipem
1267 1935 1376 2004 locum

259 2038 444 2110 obtineret.

301 2148 335 2215 Is
359 2148 438 2232 luit,
456 2146 492 2215 id
514 2149 586 2238 egit
605 2148 866 2218 Maximilianus
887 2174 908 2218 a
927 2149 1062 2242 Bergis.
1091 2149 1171 2219 Non
1193 2150 1231 2219 id
1253 2151 1291 2218 in
1317 2149 1378 2218 leri

261 2253 463 2323 habendum
480 2254 619 2323 videtur
633 2257 826 2325 conferenti
848 2257 892 2324 iis
906 2280 981 2349 quae
996 2257 1155 2350 plerique
1171 2281 1212 2326 eo
1232 2261 1380 2349 tempore

264 2365 298 2429 et
329 2368 513 2429 senserunt
547 2367 581 2431 et
614 2367 773 2452 egerunt.
803 2363 1064 2434 Maximilianus
1096 2365 1215 2455 magni
1251 2361 1380 2433 consilii

268 2490 390 2536 suasor
412 2468 490 2536 luit.
508 2469 741 2540 Vehementer
761 2469 903 2561 quidem
927 2469 1067 2540 dolebat
1082 2472 1246 2540 haeresim
1266 2471 1303 2539 in
1317 2470 1382 2537 dies

220 2610 228 2627 ·
269 2572 373 2642 latius
395 2581 614 2657 manantem;
632 2578 691 2646 sed
712 2601 732 2647 a
754 2577 930 2670 plerisque
955 2577 997 2646 de
1021 2580 1108 2646 tanti
1124 2577 1210 2646 mali
1226 2576 1382 2646 remediis
1469 2614 1470 2655 i

267 2679 469 2749 dissidebat.
483 2682 523 2748 ln
534 2704 672 2750 summa
685 2685 737 2751 vir
751 2683 824 2767 ille,
839 2707 911 2753 non
923 2685 1064 2776 ingenio
1077 2685 1219 2776 quidem
1236 2686 1384 2753 eminen-

268 2787 439 2868 tissimus,
456 2786 545 2857 bene
560 2790 680 2880 patriae
694 2814 766 2859 suae
779 2791 969 2868 consuluit,
988 2792 1046 2881 qui
1073 2792 1110 2859 in
1125 2792 1247 2883 Belgio
1269 2813 1382 2884 pacem

268 2894 449 2963 restituere
464 2895 628 2979 voluerit,
640 2921 753 2991 neque
768 2898 970 2991 reipublicae
986 2900 1161 2990 ignarum,
1172 2922 1253 2967 eum
1267 2899 1382 2988 Belgas
1469 2970 1470 2973 ,

267 3000 497 3072 intellexisset
511 3026 583 3071 non
602 3006 710 3072 armis
729 3012 790 3074 aut
810 3006 1005 3098 suppliciis,
1025 3006 1085 3074 sed
1100 3004 1296 3076 elementiae
1310 3028 1383 3072 oes-

268 3131 380 3190 suros
389 3110 499 3178 immo
509 3133 589 3180 vere
600 3110 759 3181 eeclesiae
768 3113 947 3182 catholica
963 3136 999 3181 se
1014 3113 1206 3204 praesulem
1217 3112 1379 3205 preastitit,

265 3216 435 3306 optimam
457 3240 533 3286 asse
558 3217 715 3288 ec‘clesiae
736 3219 918 3289 catholicas
936 3220 1101 3289 virtutem
1116 3221 1297 3312 ignoscere
1316 3239 1381 3287 non

265 3321 407 3392 oblitus.
