2988 5078
265 462 493 510 333333333333
514 459 614 506 auton
634 459 779 506 rusronm
801 457 1029 507 tuscansuouu
1172 446 1209 511 11

88 628 274 701 procerum
291 627 419 674 corona
432 610 561 697 septus,
578 605 637 696 qui
654 607 766 672 totum
781 603 884 695 Regis
898 603 1212 696 13303033000333Ἰ

88 721 230 794 reruut;
249 713 474 804 indignantur
488 712 603 804 Belgae
621 710 783 803 (acceptis
798 716 916 779 tamen
934 734 954 778 a
969 734 1050 804 rege
1065 713 1211 781 Provin-

90 822 224 890 ciarum
251 820 479 912 praefecturis)
496 842 532 887 se
556 809 573 887 1
590 820 821 910 Hispanorum
835 818 977 888 umbras
993 818 1116 902 videri,
1134 843 1210 912 quae

88 929 171 998 illos
187 929 398 999 comitentur
421 933 452 995 et
475 927 518 995 ad
540 949 661 996 eorum
684 931 809 994 nutum
833 933 1080 996 moveantur..
1104 928 1158 995 Aa
1176 950 1224 997 se

90 1037 187 1107 domi
203 1060 286 1120 suaa,
304 1034 382 1105 loco
397 1036 530 1105 moveri
543 1035 585 1103 ab
599 1035 762 1120 externis,
779 1040 919 1126 tamquo
935 1033 1025 1103 infra
1039 1036 1211 1128 Hispanos

89 1146 224 1237 reponi,
240 1149 354 1240 spreta
369 1143 552 1237 Belgarum
566 1143 745 1235 dignitate,
761 1141 894 1211 laturos
907 1145 938 1209 ¹?
955 1166 973 1210 a

134 1248 1213 1344 Novisquatuordeoimepiscopisadpristinosquatuoradjunc-

89 1361 146 1444 tis,
161 1383 241 1431 cum
257 1360 377 1430 multis
393 1383 435 1429 ex
452 1359 547 1429 omni
570 1358 691 1428 ordine
715 1357 929 1441 hominibus,
946 1363 1021 1426 tum
1037 1363 1069 1426 et
1083 1360 1213 1427 vetori-

88 1467 155 1536 bus
166 1468 336 1561 episcopis
346 1490 401 1535 res
418 1468 552 1559 ingrata
570 1468 647 1548 fuit,
668 1466 794 1559 quibus
806 1466 946 1535 termini
965 1467 1211 1535 contractiores

89 1581 124 1643 et
136 1575 353 1668 pontificales
366 1575 498 1644 fructus
512 1572 682 1643 tenuiores
699 1575 772 1666 jam
793 1575 946 1658 fuerunt,
971 1580 1004 1643 et
1018 1579 1211 1667 prasertim

89 1682 273 1753 abbatibus
289 1684 551 1774 monachisque,
566 1683 694 1774 quibus
717 1688 750 1751 et
766 1684 824 1775 jus
848 1686 1069 1777 potestasque
1084 1705 1127 1751 ex
1149 1705 1211 1750 suo

89 1791 212 1860 ordine
228 1790 361 1861 abbatis
387 1791 536 1882 eligendi
559 1795 593 1858 et
615 1813 697 1883 cpes
712 1790 812 1858 novis
826 1791 998 1883 episcopis
1020 1790 1210 1859 tribuenda

88 1907 216 1990 ereptae
230 1907 328 1974 sunt;
347 1898 552 1967 «adhibitos
571 1905 655 1967 tunc
672 1897 813 1990 quidem
834 1921 908 1966 esse
936 1897 979 1966 ad
1004 1920 1044 1966 03
1065 1920 1212 1966 munera

88 2004 185 2073 viros
203 2004 361 2074 doctrina
373 2029 411 2074 ac
425 2007 496 2074 vita
514 2007 717 2097 conspicuos
733 2028 816 2074 mox
831 2006 1025 2074 ecomitatu
1043 2005 1211 2096 Principis
1254 1994 1257 1999 ⁵

90 2113 359 2183 assentatoribus
375 2114 581 2207 asseclisque
600 2118 672 2182 tam
696 2113 861 2207 opulenta
884 2112 1074 2183 sacerdotia
1087 2112 1211 2203 praedaa

90 2243 231 2290 cessura
244 2219 302 2288 ¹.»

133 2328 298 2421 Episcopi
326 2336 443 2398 tamen
481 2329 531 2396 illi
569 2328 778 2420 abbatesque
806 2350 886 2395 cum
915 2328 1008 2419 Rege
1037 2327 1211 2420 Hispaniae

90 2435 254 2505 adversus
270 2435 450 2504 seditiosos
470 2437 720 2527 haereticosque
744 2441 1006 2503 consenserunt.
1033 2436 1212 2527 Praeoipua

90 2544 272 2614 turbarum
287 2566 389 2612 causa
400 2544 542 2612 haeresis
558 2544 634 2626 luit,
661 2565 767 2634 quam
780 2543 818 2610 in
832 2542 996 2633 Belgium
1011 2543 1212 2611 invexerant

92 2656 125 2719 et
138 2650 230 2720 Galli
251 2652 481 2744 Germanique
504 2641 713 2720 mercatores
745 2654 778 2718 et
804 2649 968 2719 Germani
993 2651 1211 2744 Helvetiique

92 2759 232 2840 milites,
251 2783 336 2851 quos
354 2759 587 2853 superioribus
605 2758 755 2828 inbellis
778 2764 898 2826 contra
925 2757 1043 2827 Gallos
1067 2758 1211 2827 Carolus

92 2867 206 2938 Caesar
220 2869 366 2961 ejusque
381 2868 472 2936 tilius
484 2866 803 2957 conscripserant«
823 2889 900 2945 nec,
919 2865 967 2935 ait
979 2865 1112 2948 Strada,
1131 2866 1209 2957 plus

90 2997 260 3067 aquarum
274 2998 292 3044 e
306 2975 491 3045 Germania
509 2976 665 3058 RhenuS,
691 2975 785 3044 Mosa
810 2997 828 3043 e
849 2973 960 3044 Gallia
980 2974 1153 3043 vehebant
1172 2976 1209 3043 in

91 3082 265 3173 belgium,
286 3106 392 3174 quam
413 3076 494 3153 inde
517 3082 720 3167 lutheranae,
749 3083 831 3152 hinc
859 3081 1062 3151 calviniana
1089 3090 1209 3151 conta-

91 3190 204 3281 gionis
219 3190 255 3257 in
271 3190 410 3258 easdem
423 3190 608 3282 Belgarum
623 3190 819 3283 provincias
833 3189 937 3259 iidem
946 3212 1066 3258 amnes
1082 3190 1212 3282 impor-

91 3296 208 3368 tabant
220 3296 243 3367 '.
261 3296 392 3366 »Adde
408 3303 442 3365 et
454 3297 588 3388 Anglos
610 3298 789 3367 haereticos
810 3297 882 3391 qui,
899 3297 1008 3367 Maria
1029 3300 1210 3388 regnante,

89 3405 123 3474 in
141 3404 366 3473 Germaniam
381 3404 581 3473 inferiorem
594 3404 692 3496 quasi
717 3405 830 3497 ejecti,
851 3427 958 3473 novas
984 3404 1031 3472 ihi
1053 3404 1209 3473 colonias

89 3518 292 3605 posuerunt,
324 3517 359 3581 01
385 3511 629 3606 Anabaptistas
656 3512 716 3605 qui
743 3535 761 3581 e
785 3511 1005 3606 Westphalia
1031 3512 1210 3604 Frisiaque

91 3621 294 3712 migrabant.
324 3619 393 3688 Diu
416 3620 606 3712 incorrupti
627 3619 744 3710 Belgae
773 3619 927 3713 plerique
949 3620 1111 3689 luerunt:
1130 3641 1209 3688 cum

89 3733 205 3795 autem
220 3732 254 3796 01
281 3735 402 3797 330133
433 3733 484 3797 est
507 3729 748 3821 episcoporum
773 3749 940 3796 numerus
966 3732 1000 3795 et
1026 3727 1207 3820 publicata

90 3841 169 3903 sunt
183 3835 220 3905 ia
234 3834 414 3906 haereticos
433 3837 576 3905 Caesaris
591 3836 729 3918 tabulae,
745 3840 778 3904 et
791 3835 943 3926 impositi
968 3834 1065 3904 Fidei
1081 3833 1209 3915 Quaes-

91 3947 190 4022 tores,
209 3948 293 4011 tuac
307 3943 381 4012 haec
396 3945 514 4013 omnia
541 3944 576 4011 in
603 3942 771 4012 libertatis
790 3943 981 4037 perniciem
1010 3943 1207 4034 conspirare

124 4191 416 4256 bfflmmfflffbw

124 4290 297 4355 zap&

129 4388 299 4455 &mum
