2958 5076
236 448 275 507 58
446 463 589 516 uuouono
610 462 781 508 uriscornu
802 463 925 507 urrann
946 461 1078 509 rnncrus
1100 462 1145 506 sn

233 606 283 672 vit
296 607 489 696 capitulum
508 608 648 676 visitare
670 607 928 679 honestissime,
952 606 999 673 ait
1017 604 1250 685 Mandonius,
1274 628 1351 672 auc-

230 713 364 780 toribus
379 714 500 781 amicis
518 718 538 782 ¹.

274 821 352 888 Non
376 828 492 889 autem
519 844 654 912 semper
680 823 937 889 visitationibus
965 824 1081 889 favent
1101 822 1160 912 qui
1192 843 1251 886 eas
1271 844 1348 887 sua-

230 928 321 996 dent.
339 927 600 996 Maximilianus
616 928 707 994 enim
730 928 820 1019 apud
840 929 1058 1018 biargaritanr
1081 928 1240 1020 queritur
1259 926 1348 1015 (pund

224 1057 268 1103 ea
282 1036 473 1103 antistitem
482 1035 767 1126 Aquioinotioum
784 1058 825 1102 ox
836 1035 1053 1102 Atrebatensi
1070 1034 1209 1102 diaecesi
1221 1034 1349 1100 consti-

227 1143 346 1224 tuerit,
366 1143 425 1235 qui
441 1142 614 1211 abbatiam
629 1141 906 1222 Marirolensem‚
930 1141 1169 1210 Cameracensi
1185 1140 1349 1231 episcopo

225 1250 429 1340 subjectam,
453 1249 620 1329 visitaret,
647 1248 753 1331 unde,
775 1250 901 1340 inquit,
930 1273 1054 1317 vereor
1074 1272 1117 1317 ne
1132 1248 1210 1340 quis
1231 1269 1288 1314 me
1308 1247 1349 1314 de

229 1356 442 1448 negligentia
458 1361 519 1423 aut
537 1355 759 1423 simulatione
776 1357 867 1448 apud
882 1363 914 1424 te
930 1356 1160 1435 accusaverit;
1178 1355 1233 1421 sin
1248 1353 1349 1422 aliter

227 1463 381 1532 ecclesiae
403 1462 584 1554 disciplina
604 1468 721 1530 contra
738 1462 797 1551 jus
817 1471 851 1531 et
874 1465 1051 1553 antiquam
1076 1463 1246 1531 rationem
1267 1486 1349 1553 per-

227 1572 427 1639 turbaretur
441 1580 462 1638 ¹.

270 1679 428 1768 Denique
445 1679 590 1745 minime
605 1678 648 1744 ad
668 1677 851 1745 (eclesiam
872 1679 1156 1745 Cameracensem
1172 1677 1349 1766 corrigen-

226 1786 305 1852 dam
324 1785 604 1853 Maximilianum
635 1786 730 1852 ouria
760 1786 914 1852 Romana
942 1785 1094 1877 adjuvat,
1126 1791 1203 1874 quaa
1233 1785 1349 1874 pravis

227 1891 461 1959 sacerdotibus
477 1893 518 1959 ab
540 1915 580 1958 eo
601 1893 786 1960 summotis
807 1892 944 1959 facilius
965 1892 1133 1983 ignoscat.
1156 1889 1208 1958 Ad
1234 1892 1349 1957 Gran-

226 1998 416 2078 rollanum,
435 2001 493 2089 qui
520 2005 602 2065 tunc
622 2001 740 2066 Roma*
757 2006 841 2076 erat,
869 1999 910 2067 de
926 1998 987 2066 illa
1006 1998 1223 2088 indulgentia
1240 1998 1347 2065 Maxi-

228 2105 394 2173 milianus
410 2105 630 2192 veliementer
640 2108 809 2198 queritur,
828 2107 1063 2174 sacerdotibus
1079 2106 1170 2173 bono
1187 2103 1347 2195 exemplo

227 2216 312 2291 lore,
332 2215 358 2279 si
376 2215 564 2304 presbyteri
585 2214 640 2280 isti
662 2236 812 2303 nequam
833 2220 864 2279 rt
891 2213 1055 2304 improbi,
1087 2234 1168 2279 cunr
1198 2214 1346 2280 Romani

228 2320 318 2387 irent
346 2327 382 2385 ut
414 2322 479 2387 sibi
516 2322 767 2409 ignosceretur,
791 2344 885 2387 remo
901 2320 1050 2411 publicar
1066 2321 1216 2387 triremis
1232 2319 1348 2409 alligo-

228 2432 364 2494 rentur:
383 2449 441 2494 ros
459 2428 648 2495 enimcum
668 2429 769 2495 venia
789 2428 969 2518 impetrata
985 2427 1147 2496 meliores
1167 2427 1345 2493 rarissime

226 2539 495 2614 reverterentur,
514 2537 707 2626 pessimum
728 2536 926 2626 exemplum
947 2534 1094 2626 prodere
1109 2545 1131 2601 ³.
1148 2534 1223 2600 illae
1239 2534 1347 2600 Maxi-

226 2639 362 2708 miliani
386 2640 508 2707 litterae
530 2642 634 2737 curia
658 2644 822 2710 Romanae
843 2649 939 2709 erant
963 2641 1134 2723 molestae,
1157 2664 1234 2730 quar
1266 2639 1347 2731 quid

225 2749 346 2814 Romae
362 2754 524 2837 ageretur
540 2772 621 2816 eum
637 2751 724 2817 scire
735 2773 806 2817 non
820 2773 920 2841 posse
936 2749 1071 2816 dicebat
1085 2757 1105 2816 ⁴.
1125 2748 1194 2815 Sed
1210 2748 1238 2813 si
1256 2748 1346 2814 Pon-

224 2854 355 2921 tificem
371 2855 631 2923 Maximilinnns
647 2880 717 2924 non
731 2859 804 2948 ipse
821 2856 918 2940 adiit,
937 2857 968 2923 ei
987 2879 1058 2945 non
1077 2857 1185 2923 semel
1205 2855 1345 2945 scripsit

224 2970 435 3054 quantopere
452 2987 515 3031 sua
530 2964 712 3032 interesset
728 2971 766 3033 nt
786 2965 977 3033 sacerdotes
1006 2963 1125 3030 doctos
1146 2986 1183 3029 ac
1213 2962 1343 3053 probos

224 3068 379 3138 baberet.
402 3069 487 3161 Ejus
509 3081 625 3138 autern
655 3071 788 3139 litteras
817 3072 977 3139 Pontifex
997 3093 1040 3137 ne
1070 3070 1155 3160 legit
1185 3069 1326 3160 quidem

225 3181 259 3242 et
278 3176 372 3246 dolet
386 3177 646 3246 Maximilianus
667 3179 801 3245 nullam
831 3179 937 3245 auria
966 3179 1129 3245 Romanae
1146 3175 1339 3265 religionis,

225 3281 261 3348 in
276 3283 397 3373 Belgio
413 3289 484 3351 tam
501 3285 650 3362 afflicta,
669 3308 742 3352 esse
760 3308 878 3353 curam
893 3285 915 3351 ⁵.

254 3545 276 3594 Ι.
295 3545 417 3611 Correap.
431 3547 464 3597 de
480 3549 628 3613 Groneelk,
644 3551 688 3613 ΙΙΙ,
703 3567 728 3616 p.
740 3551 795 3602 284.

252 3641 276 3693 2,
292 3645 404 3707 Papiers
418 3645 510 3696 durat
523 3651 550 3696 et
564 3650 595 3698 de
606 3649 768 3708 daumerico,
784 3650 839 3701 238.
855 3665 880 3713 p.
897 3650 935 3702 10.

253 3740 282 3793 3.
299 3742 417 3805 Correap.
433 3744 466 3793 de
481 3745 628 3807 Gronuette,
647 3747 677 3807 ΙΙ,
692 3764 716 3811 p.
731 3748 755 3797 3.

252 3838 276 3886 4.
291 3838 375 3895 Itid..
392 3839 412 3901 1,
427 3855 453 3904 p.
468 3840 579 3895 toa-167.

252 3935 276 3984 5.
290 3935 409 3999 Corresp.
429 3939 462 3986 de
475 3940 596 4006 Philippo
615 3945 649 4003 ΙΙ,
662 3948 680 3993 t.
697 3945 715 3991 Ι.
732 3959 757 4007 p.
770 3944 886 4000 aaa-367.
