2958 5076
282 441 322 500 52
631 450 669 495 os
690 450 889 498 mxmnnao
910 455 928 498 a
950 455 1056 502 aencis

280 596 482 680 voluissent,
500 618 583 663 nam
610 595 777 663 timebant
793 618 837 664 ne
866 602 941 664 tum
968 600 1249 694 archiepiscopus
1279 628 1391 674 conse·

279 710 444 798 queretur
461 709 500 773 ut
522 703 655 771 nemini
672 702 864 771 obnoxium
886 706 1179 789 Cameracesium,
1208 712 1300 778 siout
1317 719 1390 781 ante

277 817 490 882 exstructam
504 832 631 893 arcem,
649 811 789 877 comitia
805 810 1033 881 declararent.
1055 815 1205 907 Legatus
1223 818 1390 888 Cantone-

277 926 332 988 tus
347 920 510 1009 Philippo
526 917 612 1007 Regi
635 939 752 984 mense
770 918 912 1009 quintili
938 922 1023 988 1565
1047 923 1121 1012 Jam
1143 924 1331 1015 scripserat
1357 950 1389 995 se

275 1050 417 1119 operam
432 1027 597 1093 daturum
612 1047 656 1091 ne
670 1023 711 1091 de
728 1023 968 1094 Cameracesio
984 1028 1020 1095 in
1032 1029 1182 1097 comitiis
1194 1039 1354 1122 ageretur
1366 1035 1385 1099 ¹.

273 1134 456 1225 Margarita
468 1138 584 1200 autem
600 1131 674 1221 ipsa
695 1130 739 1197 ad
764 1129 825 1199 illa
855 1134 995 1201 comitia
1022 1137 1191 1205 advocata
1212 1146 1278 1214 est,
1304 1140 1389 1230 quod
1464 1194 1465 1223 ,

272 1243 432 1334 Belgium
446 1247 519 1310 erat
544 1241 580 1308 in
599 1238 732 1306 circulo
756 1239 980 1331 Burgundico
999 1250 1032 1311 et
1051 1247 1215 1314 comitem
1232 1249 1390 1317 Manslel-
1464 1240 1465 1243 '

271 1352 368 1420 dium
396 1349 561 1441 legatum,
592 1346 652 1437 qui
682 1346 792 1436 Belgii
821 1347 904 1437 jura
932 1349 1143 1431 defenderet,
1176 1354 1275 1421 misit
1290 1354 1313 1423 ⁸.
1343 1357 1389 1424 lle

272 1455 502 1526 Cameracesii
515 1452 716 1521 condicione
735 1453 841 1541 (qnod
862 1454 1016 1547 Philippi
1037 1459 1189 1527 ministri
1207 1460 1391 1552 timebant)

272 1563 530 1633 Maximilianus
558 1560 629 1650 egit
659 1566 691 1626 et
720 1559 939 1650 magistratui
977 1565 1220 1635 Cameracensi
1254 1571 1391 1660 scripsit

271 1672 360 1740 nihil
378 1694 413 1738 se
430 1667 694 1761 praetermisisse
722 1668 807 1758 quin
837 1677 1106 1761 consequeretur
1128 1680 1167 1742 ut
1191 1676 1392 1744 Camerace-

272 1781 363 1847 sium
381 1777 422 1845 ah
435 1776 532 1844 omni
543 1774 622 1865 jure
638 1774 787 1842 liberum
807 1776 897 1843 foret
915 1775 936 1842 ³.
956 1779 1001 1847 Ut
1022 1780 1058 1846 in
1071 1781 1191 1872 Belgio
1204 1805 1259 1850 res
1277 1783 1392 1852 audita

273 1894 333 1970 est,
357 1908 433 1954 eam
463 1890 631 1973 tanquam
660 1903 730 1948 non
755 1882 892 1949 minimi
917 1887 1083 1954 momenti
1108 1888 1246 1980 Viglins
1279 1891 1394 1959 Moril-

271 1995 377 2076 lonio,
400 1989 632 2060 Granvellano
657 1988 877 2058 Morillonius
907 1991 1046 2059 tradidit
1062 1998 1081 2060 ⁴.
1111 1994 1257 2064 Comitia
1279 2002 1392 2066 autem

272 2105 478 2192 Augustaua
499 2097 586 2165 nihil
615 2095 656 2164 de
687 2096 928 2165 Cameraoesio
959 2104 1158 2169 statuerunt
1186 2108 1220 2170 et
1247 2127 1324 2172 rem
1354 2105 1394 2173 ad

274 2210 401 2298 Regem
416 2205 620 2297 Philippum
639 2205 837 2294 rejecerunt
853 2203 873 2284 ³,
897 2203 931 2270 id
947 2211 999 2273 est
1018 2231 1137 2276 revera
1152 2209 1291 2278 irritam
1307 2214 1393 2281 lece-

274 2320 368 2393 runt,
389 2336 471 2380 nani
488 2309 743 2379 Granvellanus
765 2317 922 2378 suaserat
944 2318 983 2380 ut
1005 2316 1080 2382 Rex
1100 2316 1293 2408 Margaritae
1314 2322 1393 2388 sori·
1464 2324 1465 2393 ,

274 2423 372 2489 beret
385 2444 428 2488 ne
445 2418 635 2510 quidquam
654 2417 726 2508 ipsa
744 2416 785 2483 de
807 2418 920 2501 rebus,
939 2443 1050 2510 quaea
1075 2424 1226 2491 comitiis
1256 2428 1394 2518 Augus·
1464 2448 1465 2473 ¹

276 2528 365 2595 tanis
381 2528 611 2606 deterrentur,
626 2529 808 2601 statueret,
824 2525 882 2592 sed
896 2529 1130 2620 responderet,
1146 2554 1181 2598 se
1196 2540 1394 2625 exspectare

277 2636 360 2728 quid
377 2636 448 2701 Rex
466 2633 680 2713 decernerct3
699 2631 842 2709 interea,
863 2632 1014 2700 comitiis
1030 2635 1196 2720 dimissis,
1215 2640 1252 2706 in
1278 2642 1395 2709 Came·

277 2743 407 2812 raoesio
423 2763 495 2808 non
512 2761 628 2806 rerum
642 2739 870 2806 mutationem
885 2741 959 2808 lore
972 2740 992 2809 ⁰.

322 2854 388 2919 Res
402 2849 521 2927 altera,
547 2869 625 2937 quae
646 2845 688 2912 ad
713 2847 853 2913 comitia
870 2848 1073 2938 Augustana
1096 2850 1209 2920 delata
1233 2862 1296 2934 est,
1325 2863 1394 2924 erat

279 2961 367 3027 inter
382 2954 571 3026 catholicos
588 2961 621 3021 et
635 2953 816 3021 haereticos
830 2958 1077 3024 controversia.
1090 2958 1299 3049 lgnoramus
1313 2963 1394 3056 quid
1464 3008 1465 3021 .

279 3066 537 3136 Maximilianus
553 3086 573 3129 a
588 3060 757 3151 Bergisde
774 3060 834 3128 illa
848 3084 884 3128 re
898 3063 971 3152 ipse
986 3070 1046 3131 ant
1061 3067 1169 3156 egerit
1184 3075 1245 3137 aut
1256 3069 1391 3150 dixerit,
1464 3076 1465 3085 ’

280 3184 313 3246 et
326 3182 461 3243 tanturn
478 3169 560 3263 quid
576 3169 701 3236 viderit
717 3168 933 3261 audieritque
952 3170 1139 3241 edisserere
1157 3173 1254 3243 libet.
1285 3177 1296 3242 Ι
1303 3200 1393 3270 mpe·

281 3290 373 3352 rator
388 3283 459 3372 ipsc
474 3277 645 3346 haereticis
658 3298 728 3342 non
754 3281 826 3342 erat
846 3277 1019 3361 infensum
1037 3280 1106 3363 sed,
1129 3305 1172 3349 ne
1197 3284 1393 3378 principum

282 3389 532 3459 catholicorum
541 3384 735 3452 voluntates
750 3382 929 3466 alienaret,
948 3385 1118 3454 catholica
1133 3388 1305 3481 religione
1317 3398 1394 3459 ute·
1464 3456 1465 3459 ,

232 3502 234 3505 ’
281 3500 394 3578 batur,
420 3502 466 3576 et,
490 3504 530 3561 ut
555 3513 674 3584 pacem
699 3490 939 3558 Germanicam
965 3501 1126 3580 servaret,
1159 3497 1322 3567 studehat
1351 3521 1391 3566 ne

281 3607 370 3673 inter
387 3601 589 3669 lutheranus
605 3606 637 3666 et
653 3597 843 3665 catholicos
865 3598 1113 3690 disceptaretur
1128 3601 1151 3669 ⁷.
1175 3604 1243 3673 Ubi
1260 3607 1393 3697 Augus·

312 3786 334 3834 1.
351 3782 462 3845 Papiera
476 3780 576 3841 datar,
591 3779 636 3839 lX,
652 3793 678 3841 p.
693 3777 747 3826 398.

210 3945 212 3949 ι
311 3883 335 3932 2.
356 3880 431 3930 Gerr.
448 3879 481 3927 de
495 3875 643 3936 Granvelle,
654 3878 675 3938 l,
688 3891 714 3938 p.
728 3875 767 3936 94,
783 3878 845 3926 nota
855 3877 879 3925 2.

311 3980 335 4028 3.
351 3977 430 4028 Areh.
447 3988 576 4025 commun.
588 3975 620 4023 de
633 3973 764 4033 Combrci,
778 3973 833 4035 GG,
849 3974 896 4026 IV.
917 4002 919 4007 ·

312 4079 336 4128 4.
351 4078 424 4128 Corr.
438 4074 470 4146 de
482 4071 628 4131 Grannona,
639 4073 662 4121 1.
681 4086 706 4133 p.
722 4071 768 4120 278
781 4073 807 4120 et
821 4070 879 4123 333.

313 4179 339 4226 5.
357 4175 480 4237 Ibid.,p.
498 4169 554 4220 333.

312 4277 338 4326 6.
358 4275 424 4324 thid.
470 4311 475 4322 .
495 4269 550 4320 161.

305 4377 332 4427 7.
350 4288 556 4434 Coxn’llietoire
571 4368 604 4417 de
619 4367 645 4416 lo
657 4367 757 4416 maison
773 4360 925 4416 d⁴Autriehe
937 4371 1086 4431 (translatio,
1102 4370 1134 4431 II,
1149 4385 1173 4433 p.
1190 4366 1317 4436 laudat.)
