<?xml version="1.0" encoding="UTF-8"?>
<!DOCTYPE html PUBLIC "-//W3C//DTD XHTML 1.0 Transitional//EN"
    "http://www.w3.org/TR/xhtml1/DTD/xhtml1-transitional.dtd">
<html xmlns="http://www.w3.org/1999/xhtml" xml:lang="en" lang="en">
 <head>
  <title>
</title>
<meta http-equiv="Content-Type" content="text/html;charset=utf-8" />
  <meta name='ocr-system' content='tesseract 3.04.00' />
  <meta name='ocr-capabilities' content='ocr_page ocr_carea ocr_par ocr_line ocrx_word'/>
</head>
<body>
  <div class='ocr_page' id='page_1' title='image "./demaximilianoab00cardgoog_0107.png"; bbox 0 0 2958 5076; ppageno 0'>
   <div class='ocr_carea' id='block_1_1' title="bbox 547 438 1022 496">
    <p class='ocr_par' dir='ltr' id='par_1_1' title="bbox 547 438 1022 496">
     <span class='ocr_line' id='line_1_1' title="bbox 547 438 1022 496; baseline -0.006 -9"><span class='ocrx_word' id='word_1_1' title='bbox 547 440 691 496; x_wconf 74' lang='lat' dir='ltr'>ououobo</span> <span class='ocrx_word' id='word_1_2' title='bbox 712 438 829 486; x_wconf 68' lang='lat' dir='ltr'>anast</span> <span class='ocrx_word' id='word_1_3' title='bbox 848 438 1022 487; x_wconf 67' lang='lat' dir='ltr'>obsumus</span> 
     </span>
    </p>
   </div>
   <div class='ocr_carea' id='block_1_2' title="bbox 527 974 1034 1044">
    <p class='ocr_par' dir='ltr' id='par_1_2' title="bbox 527 974 1034 1044">
     <span class='ocr_line' id='line_1_2' title="bbox 527 974 1034 1044; baseline -0.008 0"><span class='ocrx_word' id='word_1_4' title='bbox 527 978 559 1044; x_wconf 82' lang='lat'>2.</span> <span class='ocrx_word' id='word_1_5' title='bbox 587 974 800 1044; x_wconf 65' lang='lat' dir='ltr'>unvanus</span> <span class='ocrx_word' id='word_1_6' title='bbox 823 997 1034 1043; x_wconf 81' lang='lat' dir='ltr'>orrnmaams</span> 
     </span>
    </p>
   </div>
   <div class='ocr_carea' id='block_1_3' title="bbox 222 1312 1346 2028">
    <p class='ocr_par' dir='ltr' id='par_1_3' title="bbox 222 1312 1346 2028">
     <span class='ocr_line' id='line_1_3' title="bbox 268 1312 1345 1405; baseline -0.006 -19"><span class='ocrx_word' id='word_1_7' title='bbox 268 1315 436 1400; x_wconf 85' lang='lat' dir='ltr'>Quamvis</span> <span class='ocrx_word' id='word_1_8' title='bbox 458 1313 715 1384; x_wconf 88' lang='lat' dir='ltr'>Maximilianus</span> <span class='ocrx_word' id='word_1_9' title='bbox 737 1314 872 1382; x_wconf 91' lang='lat' dir='ltr'>intenta</span> <span class='ocrx_word' id='word_1_10' title='bbox 894 1335 977 1381; x_wconf 91' lang='lat' dir='ltr'>cura</span> <span class='ocrx_word' id='word_1_11' title='bbox 1004 1312 1152 1382; x_wconf 81' lang='lat' dir='ltr'><strong>cavisset</strong></span> <span class='ocrx_word' id='word_1_12' title='bbox 1173 1336 1218 1382; x_wconf 91' lang='lat' dir='ltr'>ne</span> <span class='ocrx_word' id='word_1_13' title='bbox 1241 1315 1345 1405; x_wconf 89' lang='lat' dir='ltr'>pestis</span> 
     </span>
     <span class='ocr_line' id='line_1_4' title="bbox 222 1421 1344 1504; baseline -0.003 -13"><span class='ocrx_word' id='word_1_14' title='bbox 222 1424 389 1492; x_wconf 82' lang='lat' dir='ltr'>lraeretica</span> <span class='ocrx_word' id='word_1_15' title='bbox 415 1423 451 1490; x_wconf 96' lang='lat' dir='ltr'>in</span> <span class='ocrx_word' id='word_1_16' title='bbox 481 1421 759 1490; x_wconf 88' lang='lat' dir='ltr'>Cameracesium</span> <span class='ocrx_word' id='word_1_17' title='bbox 787 1442 823 1487; x_wconf 90' lang='grc'>66</span> <span class='ocrx_word' id='word_1_18' title='bbox 846 1421 1047 1504; x_wconf 81' lang='lat' dir='ltr'>insinuaret,</span> <span class='ocrx_word' id='word_1_19' title='bbox 1078 1421 1178 1488; x_wconf 92' lang='lat' dir='ltr'>annis</span> <span class='ocrx_word' id='word_1_20' title='bbox 1206 1423 1293 1491; x_wconf 83' lang='grc'><strong>1666</strong></span> <span class='ocrx_word' id='word_1_21' title='bbox 1314 1433 1344 1489; x_wconf 83' lang='grc'>66</span> 
     </span>
     <span class='ocr_line' id='line_1_5' title="bbox 227 1527 1343 1600; baseline -0.005 0"><span class='ocrx_word' id='word_1_22' title='bbox 227 1533 312 1600; x_wconf 80' lang='grc'><strong>1661</strong></span> <span class='ocrx_word' id='word_1_23' title='bbox 328 1538 363 1599; x_wconf 89' lang='grc'>66</span> <span class='ocrx_word' id='word_1_24' title='bbox 377 1529 603 1599; x_wconf 83' lang='lat' dir='ltr'>Camaracum</span> <span class='ocrx_word' id='word_1_25' title='bbox 624 1535 658 1596; x_wconf 86' lang='lat' dir='ltr'>ct</span> <span class='ocrx_word' id='word_1_26' title='bbox 677 1528 867 1597; x_wconf 75' lang='lat' dir='ltr'>Castellum</span> <span class='ocrx_word' id='word_1_27' title='bbox 890 1527 1136 1595; x_wconf 84' lang='lat' dir='ltr'>Cameracense</span> <span class='ocrx_word' id='word_1_28' title='bbox 1158 1529 1343 1597; x_wconf 78' lang='lat' dir='ltr'>calviniani</span> 
     </span>
     <span class='ocr_line' id='line_1_6' title="bbox 226 1635 1344 1728; baseline -0.004 -22"><span class='ocrx_word' id='word_1_29' title='bbox 226 1643 286 1706; x_wconf 95' lang='grc'>666</span> <span class='ocrx_word' id='word_1_30' title='bbox 300 1659 467 1728; x_wconf 90' lang='lat' dir='ltr'>occupare</span> <span class='ocrx_word' id='word_1_31' title='bbox 487 1642 709 1704; x_wconf 87' lang='lat' dir='ltr'>tentaverunt</span> <span class='ocrx_word' id='word_1_32' title='bbox 729 1644 789 1704; x_wconf 91' lang='lat' dir='ltr'>aut</span> <span class='ocrx_word' id='word_1_33' title='bbox 808 1640 1033 1726; x_wconf 81' lang='lat' dir='ltr'>occuparunt,</span> <span class='ocrx_word' id='word_1_34' title='bbox 1053 1640 1086 1702; x_wconf 90' lang='grc'>66</span> <span class='ocrx_word' id='word_1_35' title='bbox 1107 1658 1177 1702; x_wconf 89' lang='grc'>666</span> <span class='ocrx_word' id='word_1_36' title='bbox 1193 1635 1297 1703; x_wconf 90' lang='lat' dir='ltr'>modo</span> <span class='ocrx_word' id='word_1_37' title='bbox 1312 1636 1344 1702; x_wconf 92' lang='lat' dir='ltr'>in</span> 
     </span>
     <span class='ocr_line' id='line_1_7' title="bbox 227 1740 1345 1827; baseline -0.004 -12"><span class='ocrx_word' id='word_1_38' title='bbox 227 1744 477 1827; x_wconf 84' lang='lat' dir='ltr'>Cameracesio‚</span> <span class='ocrx_word' id='word_1_39' title='bbox 502 1743 561 1812; x_wconf 92' lang='lat' dir='ltr'>sed</span> <span class='ocrx_word' id='word_1_40' title='bbox 583 1748 679 1812; x_wconf 87' lang='lat' dir='ltr'>extra</span> <span class='ocrx_word' id='word_1_41' title='bbox 701 1742 906 1810; x_wconf 91' lang='lat' dir='ltr'>comitatum</span> <span class='ocrx_word' id='word_1_42' title='bbox 937 1742 972 1809; x_wconf 91' lang='lat' dir='ltr'>in</span> <span class='ocrx_word' id='word_1_43' title='bbox 997 1740 1152 1809; x_wconf 76' lang='lat' dir='ltr'>ecclesiae</span> <span class='ocrx_word' id='word_1_44' title='bbox 1180 1742 1345 1811; x_wconf 86' lang='lat' dir='ltr'>Camera-</span> 
     </span>
     <span class='ocr_line' id='line_1_8' title="bbox 225 1848 1346 1941; baseline -0.004 -20"><span class='ocrx_word' id='word_1_45' title='bbox 225 1852 337 1921; x_wconf 90' lang='lat' dir='ltr'>censis</span> <span class='ocrx_word' id='word_1_46' title='bbox 347 1851 498 1934; x_wconf 70' lang='lat' dir='ltr'>diaecesi,</span> <span class='ocrx_word' id='word_1_47' title='bbox 510 1850 737 1928; x_wconf 88' lang='lat' dir='ltr'>Valentianis,</span> <span class='ocrx_word' id='word_1_48' title='bbox 748 1848 984 1920; x_wconf 85' lang='lat' dir='ltr'>Maximiliano</span> <span class='ocrx_word' id='word_1_49' title='bbox 1000 1849 1036 1916; x_wconf 90' lang='lat' dir='ltr'>in</span> <span class='ocrx_word' id='word_1_50' title='bbox 1052 1850 1237 1918; x_wconf 71' lang='lat' dir='ltr'>hereticos</span> <span class='ocrx_word' id='word_1_51' title='bbox 1246 1872 1346 1941; x_wconf 85' lang='lat' dir='ltr'>agen·</span> 
     </span>
     <span class='ocr_line' id='line_1_9' title="bbox 231 1957 408 2028; baseline 0.006 -2"><span class='ocrx_word' id='word_1_52' title='bbox 231 1959 315 2028; x_wconf 75' lang='lat' dir='ltr'>«lum</span> <span class='ocrx_word' id='word_1_53' title='bbox 329 1957 408 2027; x_wconf 86' lang='lat' dir='ltr'>luit.</span> 
     </span>
    </p>
   </div>
   <div class='ocr_carea' id='block_1_4' title="bbox 681 2268 888 2331">
    <p class='ocr_par' dir='ltr' id='par_1_4' title="bbox 681 2268 888 2331">
     <span class='ocr_line' id='line_1_10' title="bbox 681 2268 888 2331; baseline 0.005 -8"><span class='ocrx_word' id='word_1_54' title='bbox 681 2269 715 2323; x_wconf 79' lang='grc' dir='ltr'>Α.</span> <span class='ocrx_word' id='word_1_55' title='bbox 736 2268 888 2331; x_wconf 69' lang='lat' dir='ltr'>cameraci.</span> 
     </span>
    </p>
   </div>
   <div class='ocr_carea' id='block_1_5' title="bbox 228 2482 1351 3971">
    <p class='ocr_par' dir='ltr' id='par_1_5' title="bbox 228 2482 1347 3001">
     <span class='ocr_line' id='line_1_11' title="bbox 271 2482 1342 2574; baseline 0 -20"><span class='ocrx_word' id='word_1_56' title='bbox 271 2483 472 2554; x_wconf 81' lang='lat' dir='ltr'>Notandum</span> <span class='ocrx_word' id='word_1_57' title='bbox 501 2489 553 2552; x_wconf 90' lang='lat' dir='ltr'>est</span> <span class='ocrx_word' id='word_1_58' title='bbox 583 2504 637 2551; x_wconf 90' lang='lat' dir='ltr'>res</span> <span class='ocrx_word' id='word_1_59' title='bbox 667 2482 860 2564; x_wconf 74' lang='lat' dir='ltr'>hereticas,</span> <span class='ocrx_word' id='word_1_60' title='bbox 890 2506 966 2574; x_wconf 74' lang='lat' dir='ltr'>qum</span> <span class='ocrx_word' id='word_1_61' title='bbox 988 2484 1033 2552; x_wconf 88' lang='lat' dir='ltr'>ad</span> <span class='ocrx_word' id='word_1_62' title='bbox 1055 2483 1285 2555; x_wconf 76' lang='lat' dir='ltr'>Camaracum</span> <span class='ocrx_word' id='word_1_63' title='bbox 1313 2490 1342 2554; x_wconf 89' lang='grc'>66</span> 
     </span>
     <span class='ocr_line' id='line_1_12' title="bbox 228 2591 1345 2686; baseline -0.002 -24"><span class='ocrx_word' id='word_1_64' title='bbox 228 2592 504 2663; x_wconf 89' lang='lat' dir='ltr'>Cameracesium</span> <span class='ocrx_word' id='word_1_65' title='bbox 519 2591 706 2682; x_wconf 89' lang='lat' dir='ltr'>pertinent,</span> <span class='ocrx_word' id='word_1_66' title='bbox 724 2598 759 2659; x_wconf 92' lang='lat' dir='ltr'>et</span> <span class='ocrx_word' id='word_1_67' title='bbox 773 2615 793 2659; x_wconf 90' lang='lat' dir='ltr'>a</span> <span class='ocrx_word' id='word_1_68' title='bbox 808 2591 1106 2683; x_wconf 80' lang='lat' dir='ltr'>catholicisBelgii</span> <span class='ocrx_word' id='word_1_69' title='bbox 1121 2593 1345 2686; x_wconf 79' lang='lat' dir='ltr'>scriptoribus</span> 
     </span>
     <span class='ocr_line' id='line_1_13' title="bbox 230 2696 1347 2788; baseline 0 -19"><span class='ocrx_word' id='word_1_70' title='bbox 230 2701 318 2769; x_wconf 90' lang='lat' dir='ltr'>sexti</span> <span class='ocrx_word' id='word_1_71' title='bbox 334 2698 460 2768; x_wconf 89' lang='lat' dir='ltr'>decimi</span> <span class='ocrx_word' id='word_1_72' title='bbox 477 2697 607 2776; x_wconf 85' lang='lat' dir='ltr'>saeculi,</span> <span class='ocrx_word' id='word_1_73' title='bbox 628 2696 720 2788; x_wconf 91' lang='lat' dir='ltr'>quod</span> <span class='ocrx_word' id='word_1_74' title='bbox 735 2699 1014 2767; x_wconf 84' lang='lat' dir='ltr'>Cameracesium</span> <span class='ocrx_word' id='word_1_75' title='bbox 1033 2703 1123 2767; x_wconf 88' lang='lat' dir='ltr'>tarra</span> <span class='ocrx_word' id='word_1_76' title='bbox 1144 2700 1347 2769; x_wconf 87' lang='lat' dir='ltr'>Germanica</span> 
     </span>
     <span class='ocr_line' id='line_1_14' title="bbox 229 2804 1345 2899; baseline 0 -24"><span class='ocrx_word' id='word_1_77' title='bbox 229 2816 313 2886; x_wconf 90' lang='lat' dir='ltr'>erat,</span> <span class='ocrx_word' id='word_1_78' title='bbox 329 2813 364 2874; x_wconf 91' lang='lat' dir='ltr'>et</span> <span class='ocrx_word' id='word_1_79' title='bbox 378 2804 420 2874; x_wconf 90' lang='lat' dir='ltr'>ab</span> <span class='ocrx_word' id='word_1_80' title='bbox 448 2805 623 2872; x_wconf 85' lang='lat' dir='ltr'>haereticis</span> <span class='ocrx_word' id='word_1_81' title='bbox 649 2804 734 2895; x_wconf 89' lang='lat' dir='ltr'>ipsis</span> <span class='ocrx_word' id='word_1_82' title='bbox 765 2806 959 2873; x_wconf 69' lang='lat' dir='ltr'>Germaniae</span> <span class='ocrx_word' id='word_1_83' title='bbox 988 2806 1227 2897; x_wconf 86' lang='lat' dir='ltr'>scriptoribus,</span> <span class='ocrx_word' id='word_1_84' title='bbox 1260 2807 1345 2899; x_wconf 88' lang='lat' dir='ltr'>quod</span> 
     </span>
     <span class='ocr_line' id='line_1_15' title="bbox 230 2911 1274 3001; baseline -0.004 -15"><span class='ocrx_word' id='word_1_85' title='bbox 230 2914 508 2986; x_wconf 87' lang='lat' dir='ltr'>Cameracesium</span> <span class='ocrx_word' id='word_1_86' title='bbox 525 2912 658 2981; x_wconf 89' lang='lat' dir='ltr'>Gallica</span> <span class='ocrx_word' id='word_1_87' title='bbox 673 2911 794 3001; x_wconf 82' lang='lat' dir='ltr'>lingua</span> <span class='ocrx_word' id='word_1_88' title='bbox 809 2913 982 2992; x_wconf 88' lang='lat' dir='ltr'>utebatur,</span> <span class='ocrx_word' id='word_1_89' title='bbox 999 2913 1143 2981; x_wconf 88' lang='lat' dir='ltr'>omissas</span> <span class='ocrx_word' id='word_1_90' title='bbox 1160 2936 1235 2983; x_wconf 90' lang='lat' dir='ltr'>esse</span> <span class='ocrx_word' id='word_1_91' title='bbox 1253 2926 1274 2982; x_wconf 88' lang='lat'>¹.</span> 
     </span>
    </p>

    <p class='ocr_par' dir='ltr' id='par_1_6' title="bbox 230 3019 1351 3971">
     <span class='ocr_line' id='line_1_16' title="bbox 271 3019 1342 3113; baseline 0.001 -23"><span class='ocrx_word' id='word_1_92' title='bbox 271 3022 373 3090; x_wconf 86' lang='lat' dir='ltr'>Anno</span> <span class='ocrx_word' id='word_1_93' title='bbox 404 3022 502 3102; x_wconf 81' lang='grc'><strong>1566,</strong></span> <span class='ocrx_word' id='word_1_94' title='bbox 532 3041 612 3088; x_wconf 87' lang='lat' dir='ltr'>cum</span> <span class='ocrx_word' id='word_1_95' title='bbox 640 3019 803 3110; x_wconf 80' lang='lat' dir='ltr'>Belgium</span> <span class='ocrx_word' id='word_1_96' title='bbox 831 3026 943 3089; x_wconf 89' lang='lat' dir='ltr'>totum</span> <span class='ocrx_word' id='word_1_97' title='bbox 976 3025 1065 3088; x_wconf 89' lang='lat' dir='ltr'>esset</span> <span class='ocrx_word' id='word_1_98' title='bbox 1090 3022 1342 3113; x_wconf 88' lang='lat' dir='ltr'>perturbatum,</span> 
     </span>
     <span class='ocr_line' id='line_1_17' title="bbox 231 3124 1348 3221; baseline -0.002 -22"><span class='ocrx_word' id='word_1_99' title='bbox 231 3128 405 3201; x_wconf 84' lang='lat' dir='ltr'>Cameraci</span> <span class='ocrx_word' id='word_1_100' title='bbox 445 3128 550 3196; x_wconf 89' lang='lat' dir='ltr'>etiam</span> <span class='ocrx_word' id='word_1_101' title='bbox 586 3124 677 3194; x_wconf 89' lang='lat' dir='ltr'>male</span> <span class='ocrx_word' id='word_1_102' title='bbox 719 3149 774 3194; x_wconf 92' lang='lat' dir='ltr'>res</span> <span class='ocrx_word' id='word_1_103' title='bbox 803 3150 839 3196; x_wconf 91' lang='lat' dir='ltr'>se</span> <span class='ocrx_word' id='word_1_104' title='bbox 880 3127 1031 3196; x_wconf 88' lang='lat' dir='ltr'>habebat</span> <span class='ocrx_word' id='word_1_105' title='bbox 1058 3133 1161 3221; x_wconf 90' lang='lat' dir='ltr'>atque</span> <span class='ocrx_word' id='word_1_106' title='bbox 1194 3129 1348 3200; x_wconf 81' lang='lat' dir='ltr'>haeretici</span> 
     </span>
     <span class='ocr_line' id='line_1_18' title="bbox 230 3233 1350 3330; baseline 0 -25"><span class='ocrx_word' id='word_1_107' title='bbox 230 3243 334 3330; x_wconf 91' lang='lat' dir='ltr'>caput</span> <span class='ocrx_word' id='word_1_108' title='bbox 349 3233 555 3305; x_wconf 88' lang='lat' dir='ltr'>attollebant</span> <span class='ocrx_word' id='word_1_109' title='bbox 569 3235 658 3302; x_wconf 88' lang='lat' dir='ltr'>sicut</span> <span class='ocrx_word' id='word_1_110' title='bbox 675 3234 757 3302; x_wconf 90' lang='lat' dir='ltr'>alibi</span> <span class='ocrx_word' id='word_1_111' title='bbox 773 3243 794 3302; x_wconf 86' lang='lat'>¹.</span> <span class='ocrx_word' id='word_1_112' title='bbox 814 3235 899 3303; x_wconf 83' lang='lat' dir='ltr'>Cum</span> <span class='ocrx_word' id='word_1_113' title='bbox 914 3234 1173 3305; x_wconf 84' lang='lat' dir='ltr'>Maximilianus</span> <span class='ocrx_word' id='word_1_114' title='bbox 1189 3260 1233 3305; x_wconf 85' lang='lat' dir='ltr'>ex</span> <span class='ocrx_word' id='word_1_115' title='bbox 1245 3237 1350 3305; x_wconf 89' lang='lat' dir='ltr'>comi·</span> 
     </span>
     <span class='ocr_line' id='line_1_19' title="bbox 231 3340 1346 3435; baseline -0.002 -23"><span class='ocrx_word' id='word_1_116' title='bbox 231 3345 287 3413; x_wconf 91' lang='lat' dir='ltr'>tiis</span> <span class='ocrx_word' id='word_1_117' title='bbox 305 3342 518 3435; x_wconf 81' lang='lat' dir='ltr'>Augustanis</span> <span class='ocrx_word' id='word_1_118' title='bbox 540 3340 712 3424; x_wconf 84' lang='lat' dir='ltr'>rediisset,</span> <span class='ocrx_word' id='word_1_119' title='bbox 736 3340 794 3409; x_wconf 93' lang='lat' dir='ltr'>ubi</span> <span class='ocrx_word' id='word_1_120' title='bbox 819 3341 1084 3411; x_wconf 85' lang='lat' dir='ltr'>Cameracenses</span> <span class='ocrx_word' id='word_1_121' title='bbox 1108 3342 1239 3435; x_wconf 86' lang='lat' dir='ltr'>legatos</span> <span class='ocrx_word' id='word_1_122' title='bbox 1262 3345 1346 3412; x_wconf 92' lang='lat' dir='ltr'>reli-</span> 
     </span>
     <span class='ocr_line' id='line_1_20' title="bbox 231 3447 1348 3544; baseline 0 -26"><span class='ocrx_word' id='word_1_123' title='bbox 231 3453 370 3543; x_wconf 84' lang='lat' dir='ltr'>gionem</span> <span class='ocrx_word' id='word_1_124' title='bbox 394 3450 632 3540; x_wconf 66' lang='lat' dir='ltr'>augustanam</span> <span class='ocrx_word' id='word_1_125' title='bbox 655 3453 810 3540; x_wconf 89' lang='lat' dir='ltr'>petentes</span> <span class='ocrx_word' id='word_1_126' title='bbox 837 3447 990 3518; x_wconf 92' lang='lat' dir='ltr'>vidimus</span> <span class='ocrx_word' id='word_1_127' title='bbox 1004 3451 1026 3529; x_wconf 84' lang='lat'>³,</span> <span class='ocrx_word' id='word_1_128' title='bbox 1056 3451 1177 3519; x_wconf 92' lang='lat' dir='ltr'>multis</span> <span class='ocrx_word' id='word_1_129' title='bbox 1199 3453 1348 3544; x_wconf 87' lang='lat' dir='ltr'>negotiis</span> 
     </span>
     <span class='ocr_line' id='line_1_21' title="bbox 231 3553 1351 3650; baseline 0.001 -24"><span class='ocrx_word' id='word_1_130' title='bbox 231 3558 418 3650; x_wconf 91' lang='lat' dir='ltr'>impeditus</span> <span class='ocrx_word' id='word_1_131' title='bbox 433 3562 485 3625; x_wconf 90' lang='lat' dir='ltr'>est</span> <span class='ocrx_word' id='word_1_132' title='bbox 499 3553 521 3624; x_wconf 80' lang='lat'>⁸.</span> <span class='ocrx_word' id='word_1_133' title='bbox 536 3556 703 3624; x_wconf 85' lang='lat' dir='ltr'>Attamen</span> <span class='ocrx_word' id='word_1_134' title='bbox 723 3557 847 3624; x_wconf 90' lang='lat' dir='ltr'>martio</span> <span class='ocrx_word' id='word_1_135' title='bbox 870 3580 988 3626; x_wconf 90' lang='lat' dir='ltr'>manse</span> <span class='ocrx_word' id='word_1_136' title='bbox 1007 3559 1090 3626; x_wconf 88' lang='lat' dir='ltr'>anni</span> <span class='ocrx_word' id='word_1_137' title='bbox 1118 3560 1216 3637; x_wconf 81' lang='grc'><strong>1566,</strong></span> <span class='ocrx_word' id='word_1_138' title='bbox 1232 3558 1351 3649; x_wconf 92' lang='lat' dir='ltr'>jusse-</span> 
     </span>
     <span class='ocr_line' id='line_1_22' title="bbox 232 3664 1349 3756; baseline 0.001 -22"><span class='ocrx_word' id='word_1_139' title='bbox 232 3670 298 3746; x_wconf 83' lang='lat' dir='ltr'>rat,</span> <span class='ocrx_word' id='word_1_140' title='bbox 322 3668 461 3756; x_wconf 86' lang='lat' dir='ltr'>propter</span> <span class='ocrx_word' id='word_1_141' title='bbox 482 3668 681 3755; x_wconf 88' lang='lat' dir='ltr'>temporum</span> <span class='ocrx_word' id='word_1_142' title='bbox 702 3664 921 3754; x_wconf 88' lang='lat' dir='ltr'>iniquitatem</span> <span class='ocrx_word' id='word_1_143' title='bbox 950 3670 984 3732; x_wconf 92' lang='grc'>66</span> <span class='ocrx_word' id='word_1_144' title='bbox 1006 3670 1180 3734; x_wconf 88' lang='lat' dir='ltr'>sectarum</span> <span class='ocrx_word' id='word_1_145' title='bbox 1203 3668 1349 3735; x_wconf 89' lang='lat' dir='ltr'>varieta-</span> 
     </span>
     <span class='ocr_line' id='line_1_23' title="bbox 232 3770 1349 3864; baseline 0.004 -24"><span class='ocrx_word' id='word_1_146' title='bbox 232 3777 314 3856; x_wconf 89' lang='lat' dir='ltr'>tem,</span> <span class='ocrx_word' id='word_1_147' title='bbox 332 3777 371 3839; x_wconf 90' lang='lat' dir='ltr'>ut</span> <span class='ocrx_word' id='word_1_148' title='bbox 386 3772 423 3838; x_wconf 91' lang='lat' dir='ltr'>in</span> <span class='ocrx_word' id='word_1_149' title='bbox 446 3770 588 3860; x_wconf 91' lang='lat' dir='ltr'>antiqua</span> <span class='ocrx_word' id='word_1_150' title='bbox 610 3775 645 3839; x_wconf 89' lang='lat' dir='ltr'>et</span> <span class='ocrx_word' id='word_1_151' title='bbox 665 3771 837 3840; x_wconf 88' lang='lat' dir='ltr'>catholica</span> <span class='ocrx_word' id='word_1_152' title='bbox 857 3773 1025 3864; x_wconf 81' lang='lat' dir='ltr'>religione</span> <span class='ocrx_word' id='word_1_153' title='bbox 1048 3773 1169 3841; x_wconf 88' lang='lat' dir='ltr'>civitas</span> <span class='ocrx_word' id='word_1_154' title='bbox 1193 3774 1349 3844; x_wconf 84' lang='lat' dir='ltr'>Camera-</span> 
     </span>
     <span class='ocr_line' id='line_1_24' title="bbox 233 3877 1348 3971; baseline 0.003 -23"><span class='ocrx_word' id='word_1_155' title='bbox 233 3879 344 3949; x_wconf 90' lang='lat' dir='ltr'>censis</span> <span class='ocrx_word' id='word_1_156' title='bbox 366 3877 588 3958; x_wconf 87' lang='lat' dir='ltr'>retineretur,</span> <span class='ocrx_word' id='word_1_157' title='bbox 613 3879 839 3970; x_wconf 84' lang='lat' dir='ltr'>praepositum</span> <span class='ocrx_word' id='word_1_158' title='bbox 862 3887 896 3950; x_wconf 92' lang='lat' dir='ltr'>et</span> <span class='ocrx_word' id='word_1_159' title='bbox 926 3877 1083 3948; x_wconf 91' lang='lat' dir='ltr'>scabinos</span> <span class='ocrx_word' id='word_1_160' title='bbox 1102 3879 1348 3971; x_wconf 85' lang='lat' dir='ltr'>jusjurandum</span> 
     </span>
    </p>
   </div>
   <div class='ocr_carea' id='block_1_6' title="bbox 263 4056 1347 4415">
    <p class='ocr_par' dir='ltr' id='par_1_7' title="bbox 263 4056 1347 4219">
     <span class='ocr_line' id='line_1_25' title="bbox 263 4056 1347 4126; baseline -0.001 -15"><span class='ocrx_word' id='word_1_161' title='bbox 263 4061 286 4111; x_wconf 89' lang='lat'>1.</span> <span class='ocrx_word' id='word_1_162' title='bbox 297 4057 344 4109; x_wconf 82' lang='lat' dir='ltr'>Ga.</span> <span class='ocrx_word' id='word_1_163' title='bbox 360 4057 390 4107; x_wconf 91' lang='lat' dir='ltr'>L.</span> <span class='ocrx_word' id='word_1_164' title='bbox 403 4056 563 4116; x_wconf 71' lang='lat' dir='ltr'>l&#39;norssano,</span> <span class='ocrx_word' id='word_1_165' title='bbox 577 4056 615 4107; x_wconf 81' lang='lat' dir='ltr'>La</span> <span class='ocrx_word' id='word_1_166' title='bbox 629 4057 750 4121; x_wconf 75' lang='lat' dir='ltr'>lltsormc</span> <span class='ocrx_word' id='word_1_167' title='bbox 763 4058 831 4109; x_wconf 81' lang='lat' dir='ltr'>dam</span> <span class='ocrx_word' id='word_1_168' title='bbox 842 4057 866 4111; x_wconf 84' lang='lat' dir='ltr'>le</span> <span class='ocrx_word' id='word_1_169' title='bbox 882 4057 1029 4110; x_wconf 73' lang='lat' dir='ltr'>Cambrtats</span> <span class='ocrx_word' id='word_1_170' title='bbox 1047 4073 1084 4109; x_wconf 85' lang='grc'>66</span> <span class='ocrx_word' id='word_1_171' title='bbox 1101 4068 1155 4110; x_wconf 74' lang='lat' dir='ltr'>xvie</span> <span class='ocrx_word' id='word_1_172' title='bbox 1173 4060 1264 4123; x_wconf 78' lang='grc'><strong>666616,</strong></span> <span class='ocrx_word' id='word_1_173' title='bbox 1284 4076 1310 4126; x_wconf 82' lang='lat' dir='ltr'>p.</span> <span class='ocrx_word' id='word_1_174' title='bbox 1324 4061 1347 4111; x_wconf 88' lang='lat'>3.</span> 
     </span>
     <span class='ocr_line' id='line_1_26' title="bbox 263 4153 840 4219; baseline 0 -12"><span class='ocrx_word' id='word_1_175' title='bbox 263 4158 287 4208; x_wconf 81' lang='lat'>2.</span> <span class='ocrx_word' id='word_1_176' title='bbox 304 4156 378 4207; x_wconf 84' lang='lat' dir='ltr'>Gerr.</span> <span class='ocrx_word' id='word_1_177' title='bbox 400 4153 432 4205; x_wconf 82' lang='lat' dir='ltr'>dc</span> <span class='ocrx_word' id='word_1_178' title='bbox 447 4153 595 4216; x_wconf 68' lang='grc'><strong>1166666116,</strong></span> <span class='ocrx_word' id='word_1_179' title='bbox 612 4157 632 4216; x_wconf 83' lang='lat' dir='ltr'>l,</span> <span class='ocrx_word' id='word_1_180' title='bbox 644 4169 671 4219; x_wconf 84' lang='lat' dir='ltr'>p.</span> <span class='ocrx_word' id='word_1_181' title='bbox 683 4154 729 4206; x_wconf 76' lang='lat'>357</span> <span class='ocrx_word' id='word_1_182' title='bbox 744 4157 770 4206; x_wconf 87' lang='grc'>66</span> <span class='ocrx_word' id='word_1_183' title='bbox 784 4155 840 4207; x_wconf 76' lang='grc'><strong>321.</strong></span> 
     </span>
    </p>

    <p class='ocr_par' dir='ltr' id='par_1_8' title="bbox 265 4251 525 4317">
     <span class='ocr_line' id='line_1_27' title="bbox 265 4251 525 4317; baseline -0.015 -10"><span class='ocrx_word' id='word_1_184' title='bbox 265 4257 289 4307; x_wconf 89' lang='grc'>3.</span> <span class='ocrx_word' id='word_1_185' title='bbox 303 4254 380 4307; x_wconf 81' lang='grc'><strong>16661..</strong></span> <span class='ocrx_word' id='word_1_186' title='bbox 392 4253 413 4316; x_wconf 85' lang='lat'>1,</span> <span class='ocrx_word' id='word_1_187' title='bbox 427 4266 454 4317; x_wconf 83' lang='lat' dir='ltr'>p.</span> <span class='ocrx_word' id='word_1_188' title='bbox 469 4251 525 4304; x_wconf 80' lang='lat'><strong>299.</strong></span> 
     </span>
    </p>

    <p class='ocr_par' dir='ltr' id='par_1_9' title="bbox 266 4349 516 4415">
     <span class='ocr_line' id='line_1_28' title="bbox 266 4349 516 4415; baseline -0.02 -11"><span class='ocrx_word' id='word_1_189' title='bbox 266 4356 290 4406; x_wconf 87' lang='grc'>4.</span> <span class='ocrx_word' id='word_1_190' title='bbox 301 4353 378 4413; x_wconf 70' lang='lat' dir='ltr'>laia,</span> <span class='ocrx_word' id='word_1_191' title='bbox 390 4351 411 4413; x_wconf 92' lang='lat'>1,</span> <span class='ocrx_word' id='word_1_192' title='bbox 421 4366 448 4415; x_wconf 85' lang='lat' dir='ltr'>p.</span> <span class='ocrx_word' id='word_1_193' title='bbox 460 4349 516 4400; x_wconf 80' lang='lat'><strong>324.</strong></span> 
     </span>
    </p>
   </div>
   <div class='ocr_carea' id='block_1_7' title="bbox 0 0 1495 5076">
    <p class='ocr_par' dir='ltr' id='par_1_10' title="bbox 0 0 1495 5076">
     <span class='ocr_line' id='line_1_29' title="bbox 0 0 1495 5076; baseline 0 0"><span class='ocrx_word' id='word_1_194' title='bbox 0 0 1495 5076; x_wconf 95' lang='lat' dir='ltr'> </span> 
     </span>
    </p>
   </div>
  </div>
 </body>
</html>
