2968 5072
370 471 410 517 nr
429 472 630 518 nnxmnnno
652 471 828 518 cumcurm
849 473 983 521 suasore
1177 460 1235 521 153

115 634 268 706 coquere
307 636 380 683 non
415 615 546 707 potuit:
584 614 802 684 Moriitonius
832 619 949 685 autem
986 617 1125 711 scripsit
1164 641 1237 688 non

117 743 286 814 magnum
301 745 374 792 esse
390 724 558 792 damnum
573 729 607 791 et
621 723 748 792 melius
759 725 918 793 futurum
929 724 1050 808 fuisse,
1061 727 1091 794 si
1107 733 1239 819 septem

118 835 198 897 ante
221 830 322 898 annis
344 830 567 906 decessisset;
594 830 734 922 quodsi
761 831 915 899 marchio
940 830 1091 901 audierit
1113 833 1239 903 Valen-

119 938 298 1005 cenatium
312 938 523 1019 testimonia,
540 937 639 1006 illam
654 939 686 1005 ei
698 939 806 1006 fnisse
822 940 947 1007 mortis
964 945 1126 1008 causam.
1150 941 1239 1009 Cum

118 1065 192 1112 non
229 1044 353 1112 fuisset
395 1045 545 1136 spatium
591 1045 795 1135 quaestionis
838 1045 880 1114 de
917 1046 998 1114 vivo
1037 1048 1239 1116 marchione

118 1151 301 1235 habenda,
311 1150 352 1220 de
368 1158 506 1219 mortuo
521 1157 657 1220 tentum
674 1153 819 1241 quaestio
831 1153 950 1221 habita
966 1158 1040 1222 est'.
1054 1154 1121 1223 Sed
1132 1153 1239 1222 Maxi-

119 1258 288 1327 milianus
302 1280 438 1351 semper
453 1258 548 1327 dedit
561 1281 703 1350 operam
717 1265 757 1327 ut
776 1260 855 1351 ejus
876 1261 1006 1328 famam
1027 1260 1237 1330 defenderet.

117 1364 267 1433 Dicebat
282 1387 317 1433 se
326 1365 571 1456 desjusmorte
581 1365 743 1458 gaudere,
752 1367 843 1456 quod
852 1368 925 1459 jam
936 1372 1032 1436 extre
1042 1367 1239 1460 periculum

119 1468 243 1545 esset';
268 1471 506 1540 marchionem
530 1473 684 1564 primum
708 1473 870 1562 ignarum
893 1473 999 1541 tuisse
1027 1497 1104 1564 quae
1127 1474 1240 1566 reipsa

119 1578 263 1672 Orangii
280 1584 393 1646 essent
407 1577 565 1659 consilia,
585 1602 702 1669 aquo,
719 1580 763 1647 iis
788 1580 929 1662 auditis,
955 1602 990 1651 se
1016 1580 1237 1672 sejunxisset.

117 1683 338 1755 Morillonius
353 1689 469 1753 autem
485 1685 541 1754 his
556 1686 788 1755 Maximiliani
803 1687 919 1755 verbis
935 1710 1007 1757 non
1022 1687 1196 1769 credebat,
1207 1695 1241 1757 et

116 1792 239 1883 jocose
258 1791 489 1861 arbitrabatur
503 1792 696 1885 Orangium
724 1794 841 1885 ipsum
858 1796 1021 1884 ignarum
1035 1794 1142 1863 fnisse
1163 1817 1240 1886 qnae

117 1899 333 1969 marchionis
362 1906 478 1969 essent
505 1900 663 1980 consilia,
687 1924 767 1971 cum
785 1902 876 1969 inter
895 1925 931 1970 se
955 1901 1117 1970 fallerent
1145 1908 1178 1970 et
1206 1902 1240 1971 id

119 2005 226 2075 modo
242 2008 470 2076 convenirent
483 2013 524 2076 ut
541 2007 811 2078 Granvellannm
827 2009 1063 2080 detruderent.
1083 2011 1243 2079 Maximi-

118 2114 235 2184 lianus
251 2120 370 2184 contra
385 2114 616 2185 contendebat
630 2116 870 2185 marchionem
885 2116 1043 2185 ecclesia
1061 2117 1240 2186 catholicas

119 2225 280 2292 tenacem
305 2222 411 2291 fuisse
440 2228 486 2307 et,
505 2223 535 2289 si
550 2228 701 2316 potestas
715 2223 841 2314 agendi
858 2224 890 2290 ei
919 2225 1088 2316 permissa
1104 2224 1237 2305 fnisset,

119 2350 175 2397 res
204 2328 331 2398 melius
371 2331 615 2398 restituturum
645 2330 753 2399 tuisse
787 2353 893 2421 qnam
926 2331 999 2422 ipse
1032 2332 1240 2400 restituisset

120 2436 346 2506 Norcarmius
361 2437 382 2508 ⁴.
398 2438 563 2506 Attamen
591 2436 811 2507 Morillonius
825 2437 1033 2529 praedicabat
1049 2461 1111 2507 sua
1129 2439 1240 2530 ipsius

119 2567 226 2637 opera
254 2544 536 2614 Maximilianum
561 2543 604 2612 ad
631 2543 667 2612 id
699 2544 883 2614 inductum
918 2569 991 2614 esse
1016 2553 1055 2615 ut
1081 2544 1182 2614 aliter
1198 2544 1240 2615 de

120 2652 325 2721 marchione
341 2652 500 2721 sentiret:
518 2657 733 2742 querentem
750 2653 844 2720 enim
862 2652 1003 2744 quidde
1025 2653 1161 2722 cunctis
1177 2652 1242 2721 cri-

119 2759 277 2828 minibus
307 2781 385 2850 quae
415 2759 453 2826 in
478 2758 718 2828 marchionem
738 2760 1001 2830 intenderentur
1022 2759 1241 2829 Morillonius

121 2866 361 2955 arbitraretur,
376 2887 457 2935 cum
472 2889 513 2935 ea
528 2866 719 2935 audivisset
731 2874 766 2934 et
782 2869 848 2959 ipsi
864 2878 898 2935 et
913 2868 1001 2959 Regi
1015 2889 1098 2936 vera
1118 2867 1242 2949 videri,

119 2973 345 3064 obstupuisse
387 2976 506 3064 utpote
531 2973 591 3063 qui
614 2973 854 3042 marchionem
874 2972 984 3042 alium
1007 2994 1083 3041 esse
1121 2974 1242 3041 existi·

119 3086 232 3150 maret
246 3086 351 3172 atque
365 3081 479 3171 reipsa
494 3086 596 3159 esset,
614 3085 674 3148 aut
688 3102 743 3148 res
755 3081 917 3171 ignorare
941 3102 977 3149 se
999 3079 1242 3148 simulavisse.

117 3187 382 3258 Maximilianus
422 3185 566 3280 quidem
606 3187 846 3256 marchionem
886 3187 1099 3279 Bergensem
1131 3187 1243 3277 magis

120 3301 268 3364 noverat
282 3316 388 3385 quam
403 3294 464 3387 qui
481 3293 655 3363 maxime:
673 3293 748 3385 ejus
760 3294 973 3374 {memoriam
996 3292 1116 3376 coluit,
1141 3316 1243 3386 prop-

120 3406 173 3471 ter
210 3402 467 3494 cognationem,
491 3424 569 3493 quae
612 3401 655 3468 ad
692 3400 973 3472 Maximilianum
1012 3422 1084 3468 non
1118 3422 1242 3492 parum

121 3509 289 3579 momenti
321 3508 473 3576 habebat
502 3509 579 3601 (pro
593 3506 649 3578 del
664 3508 748 3577 Dale
764 3531 913 3600 quoque,
931 3508 987 3575 cui
1016 3506 1129 3575 affinis
1156 3514 1241 3591 erat,

123 3617 327 3708 deprecatus
340 3616 466 3706 estqui
480 3616 710 3685 Tornacensis
724 3615 922 3684 consistorii
944 3614 1140 3707 praecipuus
1159 3637 1246 3683 auc-

121 3730 178 3792 tor
194 3720 307 3812 fuit');
329 3721 543 3790 marchionis
565 3724 672 3791 etiam
693 3723 902 3794 memoriam
921 3721 1042 3801 coluit,
1067 3728 1146 3818 post
1168 3720 1244 3815 ejus

154 3891 181 3943 1.
197 3891 319 3956 corrup.
332 3891 366 3941 de
378 3890 527 3951 Grunoelte,
543 3891 575 3952 11,
590 3906 616 3955 p.
628 3892 685 3945 184.

152 3992 177 4043 2.
191 3989 312 4053 Gorresp.
324 3989 357 4039 dc
367 3987 491 4055 Philippo
507 3989 542 4051 11,
556 3991 659 4053 t.11‚p.
676 3991 731 4044 ¹22.

152 4088 176 4140 ³.
193 4088 313 4150 Correrp.
330 4088 362 4137 de
377 4086 527 4149 Gronoctte,
541 4087 572 4149 11,
583 4102 609 4153 p.
624 4089 681 4140 503.

153 4187 177 4237 1,
192 4184 261 4236 thid.
275 4184 319 4245 111,
334 4200 360 4248 p.
373 4184 484 4236 332333.

152 4286 175 4335 5.
188 4282 256 4334 itia.
277 4282 324 4343 111,
339 4296 365 4346 p.
380 4281 491 4332 asotia

149 4384 175 4431 6.
192 4381 259 4434 ibid.
275 4381 306 4443 11,
319 4395 345 4445 p.
359 4379 471 4443 wenta,
486 4380 543 4443 516,
558 4381 614 4434 ⁵57.
