2958 5076
243 376 284 436 82
564 390 706 444 cuonone
727 392 844 437 nnarsi
864 392 1041 438 cesnrrnrr

243 532 412 625 oppidum
439 533 585 625 ingressi
607 535 676 601 sint
690 539 712 603 ¹.
735 534 906 628 Orongius
928 536 1048 627 igitur,
1072 534 1128 604 die
1162 540 1202 605 t'l
1231 536 1354 604 mensis

241 638 447 709 Novembris
463 642 562 720 1668,
581 641 824 710 nonobstante
840 642 1021 711 CaroliIX
1044 643 1211 724 exercitu,
1230 644 1268 709 in
1285 643 1355 711 Gal·

242 745 326 814 liam
341 748 488 816 transiit.
505 749 645 816 Frustra
659 750 816 817 Albanus
836 749 963 818 Cossaei
980 757 1014 817 et
1042 748 1141 825 ducis
1152 749 1253 818 Albae
1263 750 1353 818 Malae

240 853 369 922 milites
386 854 510 947 viginti
526 854 599 924 dies
615 855 724 924 Castri
739 857 972 949 exspectavit:
991 855 1136 924 Carolus
1153 856 1204 924 IX
1223 863 1353 925 tantum

240 984 302 1028 sno
316 961 429 1053 legato
442 961 670 1054 Forquevalio
691 962 870 1031 mandauit
890 969 929 1030 nt
944 962 1106 1055 Philippo
1135 964 1267 1053 gratias
1282 987 1355 1054 age·

238 1074 304 1145 ret,
322 1067 415 1159 quod
430 1067 540 1136 Gallis
553 1069 710 1137 Albanus
725 1068 843 1137 adesse
858 1070 963 1138 vellet
977 1070 999 1138 ¹.

282 1176 438 1243 Albanus
466 1174 656 1244 Castellum
687 1176 790 1243 citius
817 1183 1006 1245 accesserat
1032 1200 1137 1269 quam
1160 1185 1355 1269 speraverat

237 1283 507 1361 Maximilianns,
527 1282 587 1374 qni
602 1283 720 1350 statim
743 1282 835 1375 apud
856 1283 989 1352 Ducem
1010 1307 1045 1352 se
1070 1286 1251 1352 excusavit
1269 1285 1353 1375 quod

237 1411 318 1457 eum
332 1388 521 1458 honorifice
537 1390 773 1482 acciperenon
789 1390 978 1483 potuisset:
1005 1414 1086 1458 eum
1113 1393 1220 1460 etiarn
1246 1392 1354 1460 oravit

236 1503 277 1565 ut
290 1501 425 1564 tantum
438 1496 567 1565 bonam
586 1495 803 1565 voluntatem
823 1499 1011 1589 respiceret
1037 1497 1173 1590 sibique
1202 1500 1355 1588 ignosce-

236 1611 290 1672 ret
329 1603 432 1693 qnod,
456 1603 499 1672 ob
525 1604 749 1696 praesentium
783 1628 899 1673 rernm
925 1604 1180 1686 necessitatem,
1224 1629 1262 1673 se
1288 1629 1353 1674 non

236 1710 395 1793 adiisset;
422 1733 457 1778 se
479 1716 596 1778 autem
616 1712 648 1778 ei
675 1734 749 1778 cras
772 1709 920 1780 salutern
943 1713 1060 1803 ipsum
1082 1712 1260 1780 dicturum
1285 1735 1353 1781 esse

234 1816 412 1911 pollicitus
428 1823 481 1885 est
495 1817 517 1887 ³.

279 1925 359 1994 Mox
373 1929 490 1993 antem
506 1924 785 1994 Maximilianum
800 1926 901 1995 valdo
921 1926 1079 2018 paenituit
1100 1927 1260 1995 omnium
1276 1927 1353 1995 isto·

235 2055 315 2100 rum
342 2031 497 2100 militnm
520 2054 606 2122 qnos
637 2034 764 2123 saepius
783 2033 943 2125 petierat,
971 2055 1052 2100 cnm
1077 2033 1352 2102 Cameraoesinm

234 2163 306 2208 non
334 2141 451 2207 minus
475 2138 769 2231 depopularentur
797 2162 902 2230 quam
935 2138 1090 2206 seditiosi
1122 2148 1183 2207 ant
1212 2140 1352 2232 Orongii

235 2247 416 2314 exercitus.
434 2247 512 2314 Jam
528 2246 582 2314 die
600 2249 641 2314 10
657 2248 787 2315 mensis
803 2247 918 2313 martii
938 2247 974 2313 in
997 2245 1118 2314 libello
1143 2245 1185 2314 de
1206 2247 1352 2339 Belgicis

234 2352 337 2421 rebus
361 2352 620 2422 Maximilianus
649 2354 783 2420 Albano
810 2351 1010 2421 ostenderat
1046 2376 1131 2442 quas
1159 2355 1352 2422 simultates

234 2460 389 2527 militnm
403 2459 540 2550 injuriae
557 2461 754 2529 concierent
780 2465 813 2528 et
837 2466 966 2552 quanto
992 2460 1145 2527 ecclesiae
1171 2461 1352 2529 catholica

177 2571 181 2577 ’
235 2566 441 2636 detrimento
455 2567 583 2634 futurae
600 2573 725 2635 essent.
754 2565 811 2633 llli
830 2566 935 2645 enim,
951 2568 1078 2658 inquit,
1106 2566 1165 2659 qui
1189 2569 1226 2634 in
1250 2569 1352 2660 Regis

234 2672 301 2743 lide
316 2679 579 2765 permanserunt
600 2680 634 2742 et
652 2697 723 2742 non
738 2673 841 2740 modo
864 2698 884 2740 a
906 2673 1075 2742 seditione
1097 2674 1350 2759 abstinuerunt,

235 2780 293 2848 sed
309 2786 343 2848 et
358 2781 463 2850 armis
477 2786 596 2849 contra
611 2781 805 2858 haereticos
831 2781 859 2847 si
884 2781 963 2872 quis
989 2804 1047 2849 eos
1069 2780 1228 2850 hortatus
1249 2788 1350 2866 esset,

234 2888 532 2980 repugnavissent,
550 2911 631 2955 cnm
645 2889 718 2979 jam
742 2888 830 2954 nihil
846 2895 1031 2978 exceptum
1053 2886 1205 2955 licentiae
1228 2890 1352 2982 Hispa-

233 3018 359 3063 norum
372 2994 524 3077 videant,
548 2996 670 3063 timere
690 3000 837 3086 possunt
859 3016 902 3062 ue
924 2993 1059 3074 eadem,
1084 3016 1160 3084 qnae
1185 2996 1349 3088 improbi.

234 3109 358 3193 praeter
378 3103 652 3195 inquisitionem,
671 3102 737 3192 ipsi
756 3101 942 3193 patiantur,
967 3124 1030 3169 nec
1052 3124 1173 3169 eornm
1196 3104 1351 3171 studium

232 3209 383 3278 residere
397 3233 468 3277 non
482 3214 613 3302 potest:
639 3209 728 3297 qnod
753 3209 920 3300 intelligis
949 3220 1078 3299 quanto
1106 3209 1191 3300 Regi
1214 3217 1250 3276 et
1272 3210 1351 3278 reli-

233 3318 326 3409 gioni
355 3316 561 3385 detrimento
588 3317 633 3382 sit
648 3324 669 3381 ⁸.
711 3315 874 3383 Exercitu
910 3315 1036 3383 Albani
1068 3314 1349 3385 Cameracesium

232 3424 398 3515 ingresso
431 3422 472 3491 de
500 3426 575 3516 ejus
598 3421 736 3512 injuriis
759 3421 1019 3490 Maximilianns
1041 3445 1161 3489 rursus
1186 3446 1225 3490 ac
1247 3424 1350 3492 vehe-

230 3531 380 3599 mentius
393 3535 536 3619 qnestns
547 3535 608 3612 est,
618 3551 697 3596 cum
711 3529 784 3619 jam
799 3530 898 3619 qnasi
908 3529 1086 3621 proprium
1101 3529 1346 3613 essetmalum'5

231 3660 269 3705 ac
290 3635 535 3706 miserabiliter
558 3635 714 3727 depinxit
735 3635 859 3727 quibus
882 3635 1036 3705 cladibus
1065 3635 1198 3704 incolas
1222 3642 1347 3705 exterae

229 3745 338 3836 copiae
353 3750 530 3813 vexarent.
546 3745 610 3835 Die
635 3745 675 3812 19
700 3743 829 3809 mensis
852 3743 1065 3833 Septembris
1082 3746 1180 3823 1668,
1198 3743 1235 3809 in
1250 3744 1348 3811 mili-

228 3870 280 3931 tes
291 3861 484 3953 praedantes
497 3859 654 3927 Albanus
668 3881 787 3950 poenas
801 3860 1023 3949 gravissimas
1032 3859 1275 3941 constituerat;
1289 3859 1346 3928 sed

258 4014 281 4064 1.
298 4012 372 4063 Gerr.
390 4012 422 4061 de
436 4009 585 4071 Granvelle,
600 4009 644 4072 111,
660 4025 686 4073 p.
701 4008 824 4060 403-404.

255 4112 280 4163 2.
298 4112 435 4171 Gacaann,
451 4109 488 4158 La
501 4107 681 4173 Biblictttque
692 4107 833 4159 Nationale
847 4109 864 4157 ὰ
876 4109 962 4171 Paria,
976 4111 1007 4170 11,
1022 4123 1048 4173 p.
1059 4108 1105 4161 167
1121 4125 1159 4174 sq.

254 4212 279 4262 3.
297 4209 407 4273 Papierr
421 4206 514 4257 ablat
526 4208 552 4256 et
568 4205 601 4256 dc
616 4204 776 4266 l'Aadtenca
792 4205 849 4266 238,
865 4221 891 4269 p.
906 4206 946 4257 58.

254 4300 279 4349 1.
296 4297 373 4359 itia,
389 4312 415 4361 p.
430 4295 473 4346 11.
