2968 5072
215 346 273 413 14⁴
613 358 652 409 nr
673 362 764 409 vanu
785 360 934 409 consalu

214 520 370 585 mutant:
389 520 492 606 atque
509 537 578 583 una
607 535 687 582 cnm
710 513 838 606 cyatho
864 535 925 605 per
953 512 1115 580 convivas
1140 534 1183 579 ex
1212 511 1332 581 ordine

215 623 468 690 transmittunt.
486 620 565 689 Non
580 621 647 688 fert
660 643 738 689 eam
763 620 1006 711 indignitatem
1031 619 1293 688 Maximilianus
1315 642 1334 686 a

216 729 416 811 Meloduno,
455 729 647 797 vicecomes
680 726 918 796 (landavensis
946 726 1101 794 Atrebati
1135 727 1331 817 preelectus,

215 859 428 930 surgensque
448 835 490 904 de
514 857 635 904 mensa
661 834 813 904 delatum
839 833 882 902 ad
909 856 944 902 se
975 857 1017 902 ex
1049 833 1172 902 ordine
1205 833 1336 925 pileum

215 944 473 1036 archiepiscopo
489 943 651 1011 restituit.
670 942 758 1009 Hinc
771 941 859 1009 cibis
872 940 1017 1010 sublatis
1031 939 1186 1032 postulat
1198 950 1335 1009 vastum

215 1051 308 1145 quod
327 1050 492 1143 poculum
517 1055 631 1119 certus
658 1049 717 1142 qui
748 1049 905 1129 conviva,
941 1047 1272 1140 archiepiscopoque
1300 1047 1336 1114 id

214 1159 387 1252 propinat.
405 1159 601 1249 Respondet
623 1156 915 1248 archiepiscopus,
941 1155 1097 1246 paruisse
1115 1178 1153 1223 se
1174 1155 1338 1223 conviva-

215 1289 294 1335 rum
307 1264 477 1333 voluntati
493 1263 576 1333 dum
594 1269 784 1346 conaretur,
801 1286 888 1331 cena
907 1269 1042 1354 peracta
1066 1285 1138 1330 non
1163 1285 1239 1329 esse
1262 1285 1337 1329 sese

216 1372 413 1441 bibiturum
429 1394 437 1455 ;
456 1378 557 1461 urget
570 1370 667 1453 alter,
682 1377 786 1462 negat
800 1371 1016 1438 constantius
1037 1369 1333 1461 archiepiscopus

215 1480 265 1548 ibi
283 1485 358 1548 tum
372 1478 621 1547 excandescens
636 1483 835 1546 recusatus:
857 1477 918 1546 Sat
936 1481 982 1562 te,
1008 1477 1134 1568 inquit,
1156 1476 1334 1554 novimus,

216 1609 287 1656 non
309 1593 360 1655 est
379 1609 442 1653 cur
466 1585 498 1653 id
521 1590 554 1654 te
576 1584 664 1653 mihi
688 1607 849 1653 recusare
877 1589 1044 1677 oporteat.
1073 1581 1237 1662 Omnino,
1267 1606 1337 1651 res·

217 1693 345 1787 pondet
360 1692 655 1785 archiepiscopus,
679 1692 709 1760 is
729 1715 792 1784 ego
818 1715 896 1760 snm
923 1692 983 1783 qui
1007 1692 1171 1782 cognosci
1195 1712 1336 1760 mecu-

219 1801 325 1893 piam,
359 1799 414 1867 vir
447 1788 628 1881 honestus,
666 1800 709 1867 iis
742 1800 821 1867 licet
854 1800 1081 1867 frementibus
1115 1798 1339 1890 indignanti-

218 1907 364 2000 busque,
394 1907 453 1998 qui
475 1908 544 1976 hoc
566 1913 648 1975 sunt
674 1907 760 1974 mihi
792 1907 963 1997 negaturi.
992 1906 1045 1974 Ibi
1077 1914 1153 1974 tum
1182 1908 1337 1974 offensus

219 2015 375 2097 conviva,
418 2019 590 2106 arreptam
624 2019 823 2105 argenteam
866 2013 996 2105 pelvim
1037 2014 1127 2105 (quae
1154 2012 1337 2081 manibus

218 2121 398 2190 abluendis
418 2144 547 2189 mensae
564 2121 678 2189 luerat
705 2121 878 2213 imposita)
907 2120 1048 2211 injicere
1072 2120 1336 2211 archiepiscopo

218 2231 255 2298 in
288 2235 392 2321 caput
419 2235 596 2296 conatur:
626 2228 752 2295 retinet
781 2226 909 2318 pelvim
937 2227 1208 2318 Egmondanus;
1245 2226 1339 2317 quod

219 2335 304 2404 dum
325 2336 420 2413 facit,
450 2358 492 2403 en
519 2335 606 2402 alter
634 2336 780 2403 conviva
808 2356 926 2427 pugno
954 2334 991 2402 in
1018 2336 1171 2403 frontem
1198 2334 1339 2403 archie-

220 2442 351 2534 piscopi
368 2442 463 2520 eliso,
491 2441 622 2533 pileum
644 2441 685 2509 de
709 2443 818 2533 capite
843 2441 1013 2509 deturbat.
1041 2441 1337 2533 Archiepiscopus

188 2549 310 2617 ‘tueri
323 2549 430 2616 armis
450 2571 485 2615 se
506 2571 577 2616 non
597 2554 748 2640 poterat:
771 2549 1017 2641 Egmondanus
1039 2546 1269 2640 compellatus
1295 2548 1338 2616 ab

221 2654 479 2747 archiepiscopo
508 2656 683 2746 ingentem
712 2658 814 2725 vultu
832 2679 1016 2724 maerorem
1030 2677 1099 2746 prae
1128 2677 1164 2723 se
1192 2655 1336 2738 ferebat,

221 2784 343 2829 verum
358 2761 441 2854 quid
454 2762 564 2829 facere
581 2785 616 2830 se
633 2770 801 2856 oporteat,
817 2763 972 2832 invenire
988 2785 1023 2831 se
1045 2771 1149 2852 negat
1165 2785 1172 2829 :
1193 2762 1340 2831 discedit

221 2870 349 2961 itaque,
386 2868 588 2937 vicecomite
617 2871 890 2962 Norcarmioque
924 2869 1187 2951 deducentibus,
1208 2871 1342 2939 archie-

221 2978 395 3069 piscopus,
423 2952 704 3071 scriptrirumqua
733 3001 768 3048 se
795 3001 850 3048 res
884 3000 943 3046 eas
973 2978 1058 3070 Regi
1086 2975 1201 3069 palam
1231 2977 1341 3069 profi-

220 3089 367 3152 tetur.»
1159 3172 1161 3177 Ι

267 3191 423 3259 Fortasse
437 3191 514 3260 Van
530 3190 591 3260 der
606 3191 698 3280 Haer
713 3215 788 3260 rem
800 3192 992 3273 verissime,
1011 3197 1129 3286 utpote
1143 3194 1204 3283 qni
1213 3191 1340 3283 viginti

222 3303 359 3366 tantum
375 3303 454 3390 post
478 3297 578 3366 annis
603 3299 781 3379 scriberet,
808 3301 964 3369 rettulit:
991 3323 1113 3392 nempe
1136 3322 1229 3368 anno
1255 3302 1340 3369 1566

223 3405 312 3473 nlius
335 3404 404 3472 alio
430 3405 533 3474 modo
558 3406 711 3474 narravit
736 3413 769 3476 et
802 3413 878 3476 tum
905 3408 965 3499 qui
992 3429 1064 3476 non
1091 3405 1278 3476 adfuerant
1306 3428 1341 3474 sc

223 3514 381 3604 ignorare
407 3512 583 3603 quomodo
611 3535 666 3581 res
698 3536 778 3582 vere
806 3515 927 3582 fuisset
955 3514 1219 3606 profitebantur.
1256 3513 1341 3582 Tam

223 3619 317 3687 varie
333 3638 407 3685 rem
422 3625 595 3701 narratam
608 3643 681 3688 esse
698 3620 834 3690 dicebat
850 3622 1033 3714 Lopesius,
1050 3629 1089 3690 ut
1111 3621 1262 3690 nesciret
1287 3619 1341 3688 cui

224 3725 400 3795 crederet.
426 3720 611 3795 Contendit
639 3733 756 3797 tamen
787 3728 1065 3798 Maximiliannm
1092 3728 1209 3820 ipsum
1238 3735 1343 3798 tantae

224 3832 361 3924 injuriae
376 3833 446 3898 fere
467 3856 606 3901 causam
630 3836 737 3904 fuisse
753 3858 760 3907 :
777 3859 857 3904 cum
879 3835 1122 3918 Brederodius,
1149 3835 1343 3905 secundum

223 3939 423 4031 Lopesium,
453 3940 756 4034 archiepiscopum
773 3944 1051 4035 ,objurgavisset
1080 3943 1172 4034 quod
1195 3947 1344 4034 quatuor

224 4046 337 4114 millia
352 4046 563 4114 florenorum
581 4049 772 4118 voravisset
794 4072 872 4141 quae
892 4051 967 4141 ejus
984 4051 1082 4119 fratri
1105 4049 1148 4117 ad
1165 4051 1343 4142 episcopa-

259 4278 283 4329 I.
300 4276 412 4343 rapiere
424 4266 523 4339 dotat,
538 4275 607 4339 VIII,
623 4292 648 4343 p.
664 4280 719 4332 684.
