2968 5072
274 355 334 420 161
499 413 504 425 ,
675 374 999 423 armunensem

275 516 443 587 illudebat
456 515 640 611 Philippus
653 517 727 588 :illi
744 520 840 590 enim
860 542 897 590 se
917 541 1001 588 mox
1027 518 1205 590 Oceanum
1230 516 1355 588 transit
1378 558 1390 569 -

274 646 355 694 rum
368 646 444 695 esse
453 624 615 718 scripsit,
624 633 657 697 et
671 620 907 700 ducissa'tunc
921 626 1099 720 respondit
1113 648 1255 720 sperare
1269 649 1393 697 semor

275 754 356 804 eum
377 733 546 819 visuram,
572 734 678 818 utel,
708 734 768 828 qui
797 741 915 807 tamen
940 732 1009 828 ipsi
1035 758 1161 827 parum
1187 733 1389 817 confideret,

274 841 386 910 multa
413 839 605 911 declararet
628 864 705 934 quae
729 842 881 913 scribere
904 864 977 912 non
995 842 1135 934 posset.
1169 842 1247 926 Quo
1280 841 1387 934 magis

269 949 374 1019 fidem
386 948 613 1030 Rexiaceret‚
636 949 721 1042 quid
738 950 776 1019 in
798 950 920 1043 Belgio
945 971 1047 1041 agore
1069 950 1143 1043 ipse
1166 949 1273 1021 vellet
1298 949 1388 1019 indi-
1474 944 1475 1023 ἶ

269 1055 382 1142 cubat,
398 1054 716 1149 etlnquisitionem
734 1058 902 1149 seipsum
924 1058 961 1126 in
983 1058 1119 1150 Belgio,
1146 1056 1240 1126 sicut
1253 1058 1295 1125 in
1309 1057 1390 1125 His·

269 1163 373 1256 pania
397 1166 498 1244 esset,
523 1162 769 1233 instituturum
785 1186 871 1236 esse.
895 1164 1044 1257 Legatos
1070 1163 1196 1235 Galliae
1228 1163 1324 1256 regis
1356 1163 1389 1232 in

269 1269 864 1364 Hispaniu‚Forqusvalius‚Regem
879 1271 923 1342 ob
936 1271 1026 1341 hanc
1042 1294 1181 1341 causam
1197 1293 1281 1341 cum
1293 1270 1390 1363 quin·

268 1379 433 1471 quaginta
448 1375 650 1448 doctoribus
664 1385 698 1448 ct
709 1378 883 1472 theologis
902 1378 1085 1450 Bruxellas
1100 1379 1235 1449 iturum
1251 1378 1389 1471 scripsit

266 1484 339 1576 (die
354 1487 376 1553 2
393 1484 525 1556 mensis
539 1485 677 1578 augusti
691 1484 816 1577 malr.

311 1591 494 1662 Bruxellas
506 1596 623 1662 autem
637 1593 711 1661 Rex
727 1615 799 1663 non
813 1591 877 1662 ivit
892 1599 926 1664 et
937 1592 1012 1684 jam
1026 1593 1083 1663 die
1097 1597 1138 1663 ll
1149 1593 1283 1663 mensis
1297 1596 1388 1663 octo·

266 1697 437 1771 brislbdb
450 1700 520 1769 hoo
534 1699 698 1793 Hoppcro
720 1699 857 1792 Viglius
886 1702 1092 1793 scripserat:
1117 1725 1136 1769 α
1157 1700 1210 1771 lle
1235 1700 1387 1771 adventu

266 1807 370 1901 Regis
401 1829 480 1900 spes
509 1805 690 1892 decrescit,
704 1812 852 1899 augetur
878 1807 1006 1878 cotidie
1034 1808 1213 1880 malorum
1242 1807 1387 1877 audacia

266 1919 371 2009 atquc
398 1935 578 1996 numerus,
607 1913 754 1984 deiectio
784 1915 822 1983 fit
849 1937 922 1985 non
947 1913 1064 1984 solum
1093 1916 1297 1997 hominum,
1328 1914 1386 1984 sad

266 2021 479 2115 integrarum
494 2020 648 2091 urbium.
665 2022 710 2090 Bt
725 2022 818 2114 quod
831 2021 1054 2114 potissimum
1071 2028 1134 2103 est,
1165 2022 1266 2092 nulla
1288 2045 1384 2115 paene

265 2130 460 2201 reverentia
472 2128 639 2223 nullaque
654 2130 842 2199 auctoritas
857 2135 976 2200 manet
990 2131 1125 2224 capitis,
1141 2130 1235 2223 quod
1249 2135 1285 2200 et
1295 2129 1384 2200 unde
1474 2136 1475 2217 l

263 2237 440 2331 procedat,
471 2258 544 2307 non
574 2242 625 2306 est
650 2236 741 2329 apud
770 2242 803 2307 te
829 2259 1115 2308 commemorare.
1146 2239 1385 2322 Quamobrem
1474 2240 1475 2299 l

264 2345 393 2445 Regem
407 2345 522 2438 ipsum
536 2344 655 2414 venire
678 2350 816 2437 oportet
838 2350 899 2414 aut
925 2344 961 2415 id
977 2345 1116 2417 consilii
1143 2367 1266 2439 capere
1296 2346 1383 2436 qnod

264 2453 380 2524 dicere
392 2456 453 2521 aut
467 2450 619 2522 scribere
631 2473 703 2521 non
715 2452 829 2523 ausim
841 2456 864 2521 ⁴.
882 2476 901 2520 a

309 2559 346 2629 Si
360 2560 434 2629 Rex
448 2559 489 2628 ab
506 2558 673 2652 Hispania
690 2558 917 2637 discessisset,
939 2582 1012 2630 non
1039 2559 1083 2629 iis
1110 2582 1198 2652 quos
1225 2559 1383 2631 Maximi·
1474 2530 1475 2583 l

263 2667 379 2737 lianus
394 2666 607 2759 reposcebat,
620 2666 914 2749 circumdatus,in
922 2667 1086 2758 Belgium
1100 2668 1269 2738 venisset.
1280 2668 1383 2759 Regis
1474 2656 1475 2739 l

264 2778 381 2845 autem
403 2772 551 2843 consilia
571 2773 606 2841 in
631 2772 796 2864 Belgium
814 2774 972 2844 Albanus
990 2776 1089 2867 quasi
1112 2774 1231 2844 attulit
1255 2781 1303 2861 et,
1323 2774 1382 2844 ubi

263 2882 420 2954 Albanus
448 2882 485 2949 in
511 2880 633 2972 Belgio
669 2881 748 2961 luit,
781 2881 1042 2952 Maximilianus
1074 2905 1146 2952 non
1174 2881 1254 2974 jam
1278 2883 1381 2974 Regis
1474 2966 1475 2969 Ἴ

265 2992 466 3074 adventum,
483 2988 543 3057 sed
558 2985 708 3069 veniam,
726 3011 830 3081 aqua
846 2988 1055 3059 abhorrebat
1073 2989 1247 3076 Albanus,
1269 2990 1380 3083 petiit.

308 3100 387 3170 Jam
404 3104 483 3167 ante
498 3095 626 3165 Albani
640 3094 842 3176 adventum,
854 3096 1115 3167 Maximilianus
1125 3107 1159 3167 et
1172 3097 1382 3190 legationem
1474 3090 1475 3131 ³

265 3205 456 3300 praesulum
471 3203 529 3295 qui
549 3226 641 3272 anno
658 3204 742 3274 1569
766 3203 946 3274 Albanum
961 3210 1200 3275 convenerunt
1220 3211 1257 3274 et
1270 3206 1381 3276 veniae
1474 3284 1475 3299 ἶ

240 3313 437 3410 generalis
451 3303 765 3405 promulgationem
789 3312 889 3403 quasi
914 3317 1104 3406 paraverat.
1135 3312 1266 3382 Animo
1289 3313 1381 3382 enim

264 3420 391 3513 collige
406 3417 467 3512 qui
477 3419 582 3487 fuerit
596 3422 631 3487 et
656 3417 739 3509 quid
753 3418 862 3511 egerit
874 3423 909 3489 et
922 3419 1071 3513 liquebit
1078 3418 1262 3491 neminem
1280 3420 1381 3490 vehe·

264 3526 413 3599 mentius
433 3524 608 3618 adjuvisse
628 3524 672 3594 ad
691 3523 915 3596 clementiam
936 3526 1090 3620 Philippi
1108 3525 1281 3597 ministris
1305 3550 1381 3620 pro·

262 3633 428 3705 bandum.
445 3632 575 3703 Omnes
590 3632 643 3701 illi
663 3631 855 3703 clementiae
882 3635 980 3726 quasi
1001 3635 1269 3721 assuefaciebat,
1300 3656 1380 3704 cum

264 3765 344 3816 eam
359 3740 485 3811 cotidie
504 3745 539 3811 et
558 3763 677 3811 coram
696 3738 859 3810 omnibus
879 3740 1094 3836 praedicaret,
1115 3765 1180 3813 nec
1199 3742 1276 3813 siue
1299 3740 1379 3811 lorti

293 3923 319 3974 1.
335 3922 454 3986 Οοηνοερ.
470 3920 503 3970 dc
514 3918 637 3986 Philippo
650 3919 685 3981 11,
698 3923 716 3970 t.
732 3919 752 3982 l,
767 3935 797 3983 p.
812 3920 868 3971 550.

293 4023 318 4075 2.
333 4019 411 4081 ibid,
426 4022 445 4070 t.
460 4018 481 4080 l,
495 4032 523 4082 p.
538 4017 646 4083 cosmae
661 4019 692 4071 12
705 4020 803 4070 mensis
819 4017 883 4070 Julii
897 4015 979 4085 loon).

292 4120 317 4173 ³.
334 4119 474 4180 (lausana,
485 4116 524 4169 La
533 4115 716 4184 Bibliotbtque
722 4116 865 4169 Notionulc
876 4116 1031 4182 Marulli,
1046 4132 1072 4182 p.
1083 4119 1139 4172 245.
1150 4145 1181 4161 -·
1192 4120 1230 4173 cl.
1242 4121 1378 4178 Girumu,

262 4201 337 4254 coa.
349 4200 383 4252 ds
393 4197 515 4264 Philippo
528 4196 565 4260 11,
580 4197 687 4259 Introd.‚
700 4212 726 4262 p.
742 4197 822 4250 CLIV
833 4211 890 4263 sqq.

292 4300 318 4353 l.
332 4299 383 4365 Bp.
399 4294 490 4363 Viplit',
504 4308 531 4361 p.
544 4293 600 4345 381.
