2958 5076
255 451 442 498 cremamus
463 452 604 499 cassum
624 453 845 501 namucense
866 455 1066 501 orrnlusnuls
1182 443 1220 504 91
1326 440 1329 461 c

143 605 234 674 Cum
264 626 356 672 anno
383 606 469 675 1662
498 628 589 674 6666
616 630 635 675 6
660 607 891 676 Maximiliani
916 610 1174 678 successoribus
1204 634 1224 678 6

95 698 265 804 Philippo
287 712 336 782 IV
359 734 440 804 rege
464 713 563 804 petiit
593 719 631 782 ut
660 714 815 783 eeclesiae
841 714 1085 785 Cameracensi
1111 717 1222 786 civilis

95 818 299 912 jurisdictio
342 821 594 905 restitueretur,
637 822 936 903 commemoravit,
980 823 1224 914 obrepentibus

96 949 193 995 anno
208 928 295 996 1666
310 926 346 993 in
368 949 489 994 omnes
510 927 621 1019 Belgii
646 935 759 1019 partes
782 928 967 1010 baeretieis,
987 930 1037 996 ita·
1054 929 1098 997 ob
1123 955 1223 999 suam

95 1033 381 1125 jurisdictionem
396 1034 677 1103 Maximilionum
692 1035 871 1119 restitisse,
882 1042 919 1103 66
934 1037 1106 1105 16666666
1116 1039 1224 1106 16666-

95 1141 188 1208 ticos
206 1146 241 1209 66
258 1138 440 1208 seditiosos
455 1141 628 1211 vicisset¹.

463 1510 493 1569 B.
516 1509 627 1567 66666116·
646 1509 858 1567 Cameracensis.

146 1764 278 1832 Mirum
292 1760 453 1830 videatur
467 1760 694 1831 Camaracum
707 1764 851 1832 omnino
864 1764 906 1833 ab
920 1762 1094 1831 haereticis
1109 1766 1226 1830 tutum

98 1871 225 1953 fuisse,
243 1891 322 1937 cum
337 1868 389 1937 illi
406 1867 547 1937 Castelli
570 1868 830 1938 Cameracensis
848 1894 967 1939 rerum
989 1870 1090 1961 potiti
1112 1875 1227 1937 essent

99 1987 134 2048 66
150 1979 188 2045 iu
204 1975 327 2046 Galliae
342 1976 468 2045 finibus
483 1976 739 2069 praepollerent.
761 1979 823 2045 His
844 1977 1040 2070 praesertim
1066 1977 1226 2044 Camera-

102 2087 187 2155 cesii
214 2084 370 2176 partibus
397 2084 591 2176 perniciosa
613 2095 685 2152 erat
710 2084 834 2153 Galliae
866 2086 1038 2161 vicinitaa
1064 2106 1142 2175 quae
1169 2083 1225 2151 vel

100 2195 329 2263 Terrasceam
349 2191 491 2283 Sylvam
513 2191 911 2260 etheromanduensem
935 2213 1071 2283 agrum,
1098 2189 1160 2257 ubi
1184 2189 1226 2256 ab

102 2299 271 2370 extremis
286 2298 463 2388 regnantis
479 2296 681 2365 Franciscil
703 2299 802 2366 annis
825 2298 1011 2366 calviniani
1036 2303 1145 2375 erant,
1172 2297 1227 2365 vel

103 2405 294 2477 nonnullos
309 2405 438 2494 regium
454 2403 649 2472 Navarraeae
671 2428 778 2496 pagos
793 2407 815 2489 ¹,
831 2406 904 2498 qui,
921 2404 1108 2496 utsoripsit
1120 2403 1228 2473 Maxi-

103 2514 274 2583 milianus
286 2513 309 2591 ³,
324 2511 609 2601 circumjacentes
624 2511 858 2603 depravabant
871 2513 1031 2605 populos,
1049 2512 1229 2604 continge-

104 2622 202 2690 bant.
223 2618 412 2689 Castellum
431 2619 678 2688 Cameraceuee
701 2620 894 2710 praesertim
918 2642 938 2687 a
956 2618 1072 2688 Gallia
1092 2619 1231 2688 haereti-

103 2751 227 2798 corum
262 2726 456 2795 doctrinam
492 2725 642 2817 aceepit:
683 2726 785 2793 multi
817 2726 922 2818 hujus
955 2726 1054 2795 urbis
1092 2726 1229 2805 incolae,

104 2833 347 2927 compluribus
371 2832 413 2900 ab
443 2833 555 2913 66616,
585 2854 698 2901 unum
711 2832 748 2899 in
778 2832 895 2901 locum
921 2833 1107 2902 convenire
1137 2832 1231 2901 soliti

106 2947 218 3024 erant,
235 2950 273 3010 ut
285 2939 462 3032 colloquia
486 2937 618 3006 occulta
647 2938 689 3008 de
719 2940 822 3007 Sacra
837 2939 1016 3033 Scriptura
1046 2940 1228 3021 haberent,

104 3052 220 3144 quise
243 3047 378 3141 aperire
397 3070 469 3115 non
490 3046 676 3125 audebant,
700 3069 744 3114 66
766 3055 975 3117 vexarentur
989 3050 1010 3117 ⁸.
1034 3047 1167 3116 Deinde
1192 3047 1229 3113 in

107 3157 262 3228 Galliam
276 3155 499 3237 transierunt,
516 3154 578 3223 ubi
598 3154 781 3222 haereticos
796 3155 1039 3247 praedicatores
1053 3152 1223 3222 audirent.

151 3266 230 3349 Qua
249 3286 286 3331 re
305 3261 432 3341 audita,
457 3260 716 3331 Maximilianus
743 3261 785 3329 ab
810 3262 971 3330 omnibus
998 3260 1226 3330 Cameracesii

105 3371 314 3467 presbyteris
328 3369 549 3461 pronuntiari
560 3369 673 3460 jubet,
693 3391 737 3436 ne
757 3370 837 3461 quis
859 3369 984 3438 audeat
999 3367 1042 3437 ad
1054 3367 1134 3436 illos
1158 3391 1226 3438 ser·

106 3501 231 3549 mones
245 3479 295 3546 ire
312 3484 372 3545 666
383 3475 492 3545 libros
512 3483 704 3568 suspectos,
730 3483 851 3545 666666
874 3476 1128 3570 psalmosquea
1152 3475 1227 3545 Cle·

106 3591 225 3656 mente
251 3585 384 3655 Mar-oto
411 3589 445 3653 et
472 3582 655 3652 Theodoro
680 3583 771 3652 Beza
801 3584 838 3651 in
869 3582 1039 3652 Gallicam
1068 3583 1227 3674 linguam

106 3693 293 3763 translatos
306 3691 455 3773 habere3
470 3713 515 3759 66
531 3712 705 3783 caupones
720 3696 779 3758 666
792 3689 973 3758 stabularii
987 3689 1136 3759 advenas
1151 3714 1226 3759 sus·

136 3908 161 3959 l.
174 3905 241 3960 Bibl.
256 3904 315 3956 Nat.
331 3903 381 3956 Me.
399 3903 542 3955 Collection
556 3902 674 3967 Moreeu,
687 3904 753 3965 aeg.
768 3903 824 3965 505,
839 3918 866 3967 p.
879 3902 966 3954 12-16.

134 4005 162 4057 2.
174 4005 275 4064 semin,
290 4002 431 4064 Elincourt,
447 4001 583 4054 Prement.

136 4104 240 4156 36666.
254 4100 288 4152 de
302 4099 450 4161 6666666116,
464 4099 497 4162 11,
511 4113 538 4164 p.
553 4100 578 4151 3.

137 4202 162 4254 1.
177 4201 299 4253 fletuum
313 4199 359 4250 dae
371 4197 487 4250 troubles
502 4198 661 4262 daedaleon,
676 4199 756 4251 terite
769 4214 822 4265 per
836 4199 875 4250 166
885 4199 1088 4264 6669666ηαί666
1107 4200 1228 4252 menard

108 4283 190 4335 Solea
204 4284 231 4333 61
245 4279 347 4331 Claude
361 4279 491 4345 fleeerdy,
506 4280 609 4345 6166666
616 4293 670 4344 por
686 4279 799 4345 1666666
817 4281 978 4346 Deequeenee
997 4279 1167 4346 (1166666666,
1189 4281 1227 4331 be

108 4364 230 4430 Reform
243 4361 313 4413 deae
327 4360 352 4411 le
362 4358 528 4424 canace),
543 4373 568 4425 p.
585 4359 611 4413 4.
