2988 5078
285 459 513 510 ramulorum
533 458 647 507 onnam
667 434 815 507 maronia
836 459 1065 509 tuscanorum
1181 402 1234 508 Ι11

114 605 207 675 libus
235 607 426 700 perturbari
460 605 608 698 optabat,
636 606 835 698 hugonotos
854 606 988 699 ejicere,
1004 607 1064 700 qui
1093 607 1130 675 in
1156 608 1234 677 Gal-

114 711 163 781 lia
190 714 395 783 seditionem
423 738 543 783 rursus
575 736 714 782 movere
749 715 953 807 potuissent,
991 714 1194 807 displicebat
1207 718 1229 785 ¹.

112 822 216 890 Anno
233 825 329 906 1563,
347 822 499 915 Philippi
514 822 619 913 Regis
640 823 676 889 in
706 821 821 890 Gallia
842 821 988 913 legatuS,
1017 821 1230 892 Cantonetus

113 930 268 1011 nomine,
286 930 504 1019 Margaritam
519 930 657 998 monuit
682 928 851 997 Flandriae
878 928 1091 998 concitandae
1107 929 1231 999 Catha-

113 1036 226 1105 riuam
243 1036 457 1106 etColinium
470 1059 541 1105 una
556 1034 786 1106 incumbere'.
805 1036 954 1106 Condaeo
970 1037 1235 1129 Picardiaeprae-

114 1145 217 1225 fecto,
234 1167 382 1237 magnus
410 1146 447 1212 in
472 1145 594 1235 Belgio
623 1150 737 1213 metus
764 1144 842 1228 fuit,
870 1142 1016 1213 camah
1046 1167 1086 1213 eo
1105 1144 1235 1214 milites

114 1250 294 1344 postulari,
313 1252 372 1344 qui
394 1251 566 1320 seditiosis
590 1275 692 1345 opem
711 1253 852 1334 ferrent,
875 1251 965 1320 inter
979 1273 1102 1320 omnes
1130 1274 1235 1321 cons-

115 1365 202 1428 taret
216 1359 480 1428 etValentiauis
502 1358 710 1451 speculator,
740 1359 800 1450 qui
824 1357 964 1427 Coudaei
990 1357 1104 1427 sariba
1129 1360 1234 1452 vulgo

115 1466 229 1535 dietus
243 1472 305 1545 est,
324 1467 558 1558 deprehensus
577 1468 700 1536 esset⁸.
726 1467 831 1535 Anno
848 1468 946 1549 1561,
962 1465 1052 1534 idem
1079 1467 1234 1536 Antver-

114 1573 207 1665 piam
224 1572 396 1642 Condaeus
417 1575 513 1643 misit
537 1575 595 1665 qui
613 1574 820 1643 seditionem
847 1574 1012 1642 excitaret
1026 1572 1046 1640 ⁴.
1071 1574 1192 1665 ltaque
1212 1599 1232 1644 a

116 1680 266 1749 Condaeo
311 1683 502 1772 praesertim
540 1681 717 1750 metuebat
752 1679 1029 1750 Maximilianus:
1064 1682 1235 1753 Condaeus
1291 1682 1293 1686 ’

115 1788 209 1857 enim
218 1810 354 1880 semper
362 1788 496 1857 circum
514 1787 742 1858 Cameracesii
752 1788 841 1855 fines
857 1788 956 1880 quasi
966 1788 1113 1871 errabat,
1131 1811 1236 1881 quem

113 1894 309 1964 videbimus
325 1918 429 1988 quam
449 1895 631 1986 diligenter
654 1893 912 1963 Maximilianus
931 1893 1171 1987 specularetur
1187 1904 1232 1983 et,

114 2003 143 2070 si
160 2001 245 2094 quid
257 2001 403 2082 audiret,
421 2003 611 2094 Margaritae
630 2002 834 2094 Albanoque
851 2003 1037 2071 nuntiaret.

147 2197 170 2249 1.
188 2197 303 2250 Kznvuu
316 2212 349 2248 ma
365 2197 553 2261 Lemannum,
566 2199 614 2264 Op.
629 2200 677 2251 cit.
688 2198 709 2259 1,
723 2212 751 2262 p.
760 2196 816 2251 170.

146 2296 171 2351 2.
188 2297 314 2347 Archives
328 2297 479 2359 nationum,
494 2297 599 2361 11,1199.

147 2396 171 2446 3.
190 2394 423 2461 eorreaponrtanee
437 2396 469 2447 de
482 2397 644 2462 Marquerite
658 2394 820 2461 d'Autricte,
833 2395 865 2457 11,
875 2409 900 2458 p.
912 2392 966 2444 486.

147 2494 172 2547 1.
189 2494 408 2559 &merwillon
423 2495 481 2558 vn,
491 2510 517 2573 a.
532 2495 587 2545 343.
