2968 5072
399 390 438 436 ou
458 389 657 436 naxruunno
679 389 856 453 susurrum
877 392 1010 440 suasore
1204 380 1260 441 131

141 534 361 625 theologiam
385 536 562 628 professus
586 540 657 608 est:
683 534 720 601 in
744 534 892 603 coneilio
913 535 1114 607 Tridentino
1136 537 1261 607 diserte

143 643 232 712 dixit
261 647 296 710 at
310 641 345 708 in
360 640 481 732 Belgio
495 630 660 730 magnam
681 640 735 708 vel
751 641 843 732 apud
858 642 961 734 Regis
976 645 1155 713 ministros
1183 669 1263 714 aue·

142 751 321 819 toritatem
336 749 470 817 habuit.
489 748 608 840 Itaque
624 747 865 839 episcopatum
889 748 1151 819 Gandavensem
1173 775 1264 842 aegra

143 858 299 948 aceepit.
332 855 400 928 Ubi
433 859 551 924 autem
578 855 761 946 episeopus
787 856 904 935 luite
930 856 1084 925 Gandavi
1108 859 1264 927 residens

144 964 236 1033 nihil
252 965 300 1031 ita
315 962 409 1032 cordi
425 962 547 1030 habuit
560 984 664 1053 quam
680 960 851 1053 populum
867 986 970 1030 suum
983 964 1091 1033 verbo
1107 970 1141 1033 et
1152 988 1266 1034 exem-

146 1070 206 1163 plo
235 1071 371 1149 docere,
402 1069 630 1161 irrumpentia
653 1067 835 1137 hincinde
861 1069 1106 1139 hereticorum
1133 1073 1265 1141 zizania

147 1177 309 1248 evellere¹
335 1204 365 1245 r.
385 1175 570 1245 Jansanius
599 1175 705 1244 etiam
720 1178 969 1245 eommeroium
998 1178 1194 1247 litterarum
1224 1179 1266 1248 de

148 1286 254 1354 rebus
283 1284 437 1376 Belgieis
463 1282 702 1376 frequentabat
731 1304 812 1350 eum
842 1283 1082 1367 Granvellan0‚
1100 1287 1158 1378 qui
1188 1309 1269 1355 eum

148 1393 268 1483 magni
299 1391 505 1460 aestimabat.
539 1392 673 1482 Itaque,
696 1412 897 1482 quanquam
928 1415 948 1459 a
980 1391 1084 1461 rebus
1119 1393 1267 1484 publieis

148 1499 285 1578 aberat,
302 1521 375 1567 non
394 1498 469 1567 sine
499 1496 703 1566 auctoritate
732 1519 812 1564 eum
840 1498 964 1565 ceteris
992 1499 1165 1591 episeopis
1194 1501 1267 1591 ipse

147 1607 289 1675 veniam
303 1603 504 1697 generalem
518 1604 559 1673 ab
575 1603 708 1672 Albano
721 1603 921 1696 postulavit.

195 1712 400 1805 Complures
415 1712 550 1781 aliiviri
563 1712 601 1779 in
622 1709 779 1789 ecelesia,
807 1711 1011 1781 auctoritate
1036 1718 1096 1782 aut
1112 1713 1270 1784 doctrina

148 1827 211 1889 ant
236 1821 366 1888 virtute
395 1819 613 1897 excellentes,
640 1840 721 1885 eum
749 1818 817 1909 ipsi
832 1818 878 1886 ad
903 1818 1125 1888 elementiam
1158 1826 1272 1891 essent

150 1928 327 2021 propensi,
344 1926 616 1995 utelementiam
631 1924 833 2016 praedicaret
854 1925 1133 1996 Maximilianum
1159 1929 1272 2021 impu-

149 2034 288 2115 lerunt;
318 2034 504 2124 interquos
519 2031 750 2113 Vendvillius‚
768 2033 827 2123 qui
839 2038 924 2100 tuno
937 2034 975 2100 in
988 2034 1154 2103 Duaeena
1184 2035 1272 2107 Uni-

149 2142 313 2210 versitate
323 2140 548 2232 profitebatur
558 2161 597 2206 ae
610 2142 731 2229 postea
744 2138 972 2207 Tornaoensis
997 2141 1181 2233 episeopus
1191 2142 1269 2224 fuit,

149 2248 391 2317 Maximiliano
418 2246 577 2316 exhibuit
606 2245 776 2329 libellum,
807 2267 877 2336 quo
917 2246 1080 2315 haeresim
1114 2248 1271 2342 collegiis

150 2354 418 2446 seminariisque
433 2353 655 2421 instituendis
672 2352 853 2445 exstirpari
874 2374 974 2445 posse
994 2352 1213 2437 declarabat',
1236 2362 1271 2426 et

150 2485 235 2532 oum
262 2460 499 2532 Maximiliano
525 2459 672 2552 aliisque
696 2459 903 2551 praesulibus
930 2463 1202 2531 communicavit
1230 2464 1273 2534 de

152 2570 221 2637 fido
252 2568 367 2661 legato
396 2569 434 2636 in
448 2568 653 2659 Hispaniam
668 2567 851 2650 mittendo,
871 2569 931 2659 qui
962 2568 1047 2660 Regi
1076 2569 1273 2641 ostenderet

153 2678 234 2770 quis
258 2698 375 2745 rerum
390 2676 425 2743 in
441 2674 560 2766 Belgio
575 2680 683 2742 status
698 2672 808 2742 esset‘.
827 2675 916 2743 Item
931 2674 1035 2744 abbas
1065 2677 1272 2769 Aequioine·

152 2785 249 2852 tinus
292 2781 526 2852 Lentaillarus
560 2779 799 2849 Maximiliano
833 2781 980 2850 consilia
1018 2804 1273 2878 nonnunquam

153 2891 266 2974 dedit;
310 2888 589 2957 Maximilianum
631 2887 839 2955 hortabatur
868 2894 908 2955 ut
944 2889 1018 2981 ipsa
1056 2891 1270 2981 praedicaret,

153 2999 284 3090 quippe
301 2997 360 3088 qui
380 2995 517 3064 dicendi
532 2995 659 3086 gratia,
677 2994 882 3062 auctoritate
898 3017 937 3061 aa
958 2995 1115 3063 doctrina
1142 2998 1274 3090 pollere
1387 3064 1398 3083 ,

153 3104 344 3174 rideretur.
378 3103 465 3173 Cum
496 3102 797 3194 arehiepiscopum
827 3101 946 3190 magni
984 3103 1121 3182 laceret,
1159 3105 1191 3173 ei
1231 3107 1274 3175 ad

155 3212 300 3281 comitia
315 3213 519 3303 Augustana
546 3207 778 3302 profioiseenti
790 3208 875 3299 juga
890 3228 1058 3298 equorum
1072 3232 1153 3278 eum
1168 3210 1274 3282 curru

156 3319 274 3389 dedit.
292 3316 553 3388 Maximilianus
574 3320 691 3385 autem
709 3314 961 3384 monasterium
977 3314 1125 3386 libenter
1143 3320 1272 3408 adibat,

157 3438 192 3501 et
205 3450 298 3498 anno
315 3427 401 3496 1565
413 3423 576 3494 audimus
591 3421 783 3491 monachos
799 3420 933 3489 lenos
948 3443 1023 3492 essa
1038 3423 1129 3514 quod
1144 3427 1276 3505 arehie-

155 3538 322 3632 pisaopus
334 3532 479 3601 missam
494 3537 528 3599 et
539 3552 699 3621 vesperas
714 3529 751 3596 in
765 3527 901 3596 abbatia
914 3527 1081 3598 celebravi
1087 3536 1183 3602 asath

203 3644 256 3713 Ex
275 3639 347 3709 illis
373 3640 479 3732 igitur
501 3635 657 3707 eoelesiae
682 3635 892 3727 praesulibus
915 3635 1105 3707 nonnullos
1133 3641 1276 3733 quidem

191 3804 215 3853 1.
230 3802 350 3866 corresp.
365 3801 399 3851 de
413 3798 535 3865 Philippe
547 3799 582 3862 11,
594 3801 614 3850 1.
629 3797 650 3860 1,
666 3812 693 3861 p.
708 3797 763 3847 334.

189 3904 215 3953 2.
230 3902 382 3960 Serranus,
397 3897 527 3949 Flaadrio
541 3896 688 3957 inaurata,
700 3896 721 3957 l,
735 3910 761 3959 p.
776 3894 831 3946 215.

191 4000 217 4053 3.
233 3999 343 4060 Poenos,
359 3997 404 4048 Vis
420 3996 453 4047 do
470 3994 628 4056 Vendevillq
644 4008 673 4058 p.
685 3993 742 4046 216.

191 4099 217 4151 1.
229 4097 281 4149 ld..
292 4110 319 4160 p.
335 4094 376 4146 69.

192 4199 217 4249 5.
232 4196 365 4258 Fauuqors
381 4207 413 4244 aa
428 4192 494 4254 Bra,
511 4191 559 4257 Op.
574 4192 632 4251 cit,
645 4205 672 4253 ρ.
688 4182 806 4240 141-145.

193 4295 218 4347 6.
234 4295 391 4354 Enumerare.
405 4289 538 4353 russam
552 4287 692 4349 d'Anchs‘m
705 4302 730 4351 p.
745 4285 805 4341 267.
