<?xml version="1.0" encoding="UTF-8"?>
<!DOCTYPE html PUBLIC "-//W3C//DTD XHTML 1.0 Transitional//EN"
    "http://www.w3.org/TR/xhtml1/DTD/xhtml1-transitional.dtd">
<html xmlns="http://www.w3.org/1999/xhtml" xml:lang="en" lang="en">
 <head>
  <title>
</title>
<meta http-equiv="Content-Type" content="text/html;charset=utf-8" />
  <meta name='ocr-system' content='tesseract 3.04.00' />
  <meta name='ocr-capabilities' content='ocr_page ocr_carea ocr_par ocr_line ocrx_word'/>
</head>
<body>
  <div class='ocr_page' id='page_1' title='image "./demaximilianoab00cardgoog_0057.png"; bbox 0 0 2988 5078; ppageno 0'>
   <div class='ocr_carea' id='block_1_1' title="bbox 243 441 1013 502">
    <p class='ocr_par' dir='ltr' id='par_1_1' title="bbox 243 441 1013 502">
     <span class='ocr_line' id='line_1_1' title="bbox 243 441 1013 502; baseline -0.001 0"><span class='ocrx_word' id='word_1_1' title='bbox 243 441 283 502; x_wconf 79' lang='lat'>38</span> <span class='ocrx_word' id='word_1_2' title='bbox 586 456 625 501; x_wconf 81' lang='lat' dir='ltr'>nr</span> <span class='ocrx_word' id='word_1_3' title='bbox 646 454 888 502; x_wconf 71' lang='lat' dir='ltr'>samnatica</span> <span class='ocrx_word' id='word_1_4' title='bbox 909 452 1013 501; x_wconf 69' lang='lat' dir='ltr'>annus</span> 
     </span>
    </p>
   </div>
   <div class='ocr_carea' id='block_1_2' title="bbox 238 599 1470 2519">
    <p class='ocr_par' dir='ltr' id='par_1_2' title="bbox 241 599 1362 1120">
     <span class='ocr_line' id='line_1_2' title="bbox 241 599 1356 692; baseline -0.001 -24"><span class='ocrx_word' id='word_1_5' title='bbox 241 601 357 692; x_wconf 90' lang='lat' dir='ltr'>ipsum</span> <span class='ocrx_word' id='word_1_6' title='bbox 373 599 649 668; x_wconf 84' lang='lat' dir='ltr'>Maximilianum</span> <span class='ocrx_word' id='word_1_7' title='bbox 671 623 776 692; x_wconf 88' lang='lat' dir='ltr'>quam</span> <span class='ocrx_word' id='word_1_8' title='bbox 805 599 847 667; x_wconf 86' lang='lat' dir='ltr'>ad</span> <span class='ocrx_word' id='word_1_9' title='bbox 870 600 1013 692; x_wconf 90' lang='lat' dir='ltr'>Imperii</span> <span class='ocrx_word' id='word_1_10' title='bbox 1040 601 1120 691; x_wconf 87' lang='lat' dir='ltr'>jura</span> <span class='ocrx_word' id='word_1_11' title='bbox 1149 600 1356 691; x_wconf 81' lang='lat' dir='ltr'>pertinebat,</span> 
     </span>
     <span class='ocr_line' id='line_1_3' title="bbox 242 706 1358 799; baseline -0.002 -23"><span class='ocrx_word' id='word_1_12' title='bbox 242 707 492 785; x_wconf 69' lang='lat' dir='ltr'>Mamiliano,</span> <span class='ocrx_word' id='word_1_13' title='bbox 510 708 604 799; x_wconf 90' lang='lat' dir='ltr'>quod</span> <span class='ocrx_word' id='word_1_14' title='bbox 618 708 704 776; x_wconf 89' lang='lat' dir='ltr'>citra</span> <span class='ocrx_word' id='word_1_15' title='bbox 728 706 907 775; x_wconf 89' lang='lat' dir='ltr'>Pontificis</span> <span class='ocrx_word' id='word_1_16' title='bbox 931 707 1181 776; x_wconf 88' lang='lat' dir='ltr'>voluntatema</span> <span class='ocrx_word' id='word_1_17' title='bbox 1208 707 1358 799; x_wconf 90' lang='lat' dir='ltr'>capitula</span> 
     </span>
     <span class='ocr_line' id='line_1_4' title="bbox 242 814 1360 907; baseline -0.001 -24"><span class='ocrx_word' id='word_1_18' title='bbox 242 814 398 885; x_wconf 88' lang='lat' dir='ltr'>delectus</span> <span class='ocrx_word' id='word_1_19' title='bbox 413 821 501 899; x_wconf 90' lang='lat' dir='ltr'>erat,</span> <span class='ocrx_word' id='word_1_20' title='bbox 517 838 653 907; x_wconf 81' lang='lat' dir='ltr'><strong>semper</strong></span> <span class='ocrx_word' id='word_1_21' title='bbox 668 815 765 883; x_wconf 89' lang='lat' dir='ltr'>curia</span> <span class='ocrx_word' id='word_1_22' title='bbox 785 816 941 883; x_wconf 89' lang='lat' dir='ltr'>Romana</span> <span class='ocrx_word' id='word_1_23' title='bbox 956 815 1091 882; x_wconf 88' lang='lat' dir='ltr'>infensa</span> <span class='ocrx_word' id='word_1_24' title='bbox 1104 815 1183 898; x_wconf 85' lang='lat' dir='ltr'>fuit,</span> <span class='ocrx_word' id='word_1_25' title='bbox 1201 820 1236 884; x_wconf 90' lang='lat' dir='ltr'>et</span> <span class='ocrx_word' id='word_1_26' title='bbox 1252 814 1360 883; x_wconf 88' lang='lat' dir='ltr'>cardi-</span> 
     </span>
     <span class='ocr_line' id='line_1_5' title="bbox 241 921 1362 1015; baseline -0.001 -24"><span class='ocrx_word' id='word_1_27' title='bbox 241 922 337 991; x_wconf 90' lang='lat' dir='ltr'>nales</span> <span class='ocrx_word' id='word_1_28' title='bbox 350 923 391 991; x_wconf 95' lang='lat' dir='ltr'>de</span> <span class='ocrx_word' id='word_1_29' title='bbox 404 921 466 991; x_wconf 94' lang='lat' dir='ltr'>illo</span> <span class='ocrx_word' id='word_1_30' title='bbox 480 922 599 991; x_wconf 88' lang='lat' dir='ltr'>verbis</span> <span class='ocrx_word' id='word_1_31' title='bbox 614 945 737 1015; x_wconf 91' lang='lat' dir='ltr'>parum</span> <span class='ocrx_word' id='word_1_32' title='bbox 758 921 920 1010; x_wconf 81' lang='lat' dir='ltr'>benignis</span> <span class='ocrx_word' id='word_1_33' title='bbox 934 922 1135 1006; x_wconf 82' lang='lat' dir='ltr'>utebantur,</span> <span class='ocrx_word' id='word_1_34' title='bbox 1154 945 1236 989; x_wconf 90' lang='lat' dir='ltr'>cum</span> <span class='ocrx_word' id='word_1_35' title='bbox 1256 921 1362 991; x_wconf 90' lang='lat' dir='ltr'>Gran·</span> 
     </span>
     <span class='ocr_line' id='line_1_6' title="bbox 241 1027 1113 1120; baseline 0.001 -24"><span class='ocrx_word' id='word_1_36' title='bbox 241 1028 398 1097; x_wconf 88' lang='lat' dir='ltr'>vellanus</span> <span class='ocrx_word' id='word_1_37' title='bbox 409 1029 531 1097; x_wconf 75' lang='lat' dir='ltr'>Roma</span> <span class='ocrx_word' id='word_1_38' title='bbox 542 1027 584 1097; x_wconf 89' lang='lat' dir='ltr'>de</span> <span class='ocrx_word' id='word_1_39' title='bbox 600 1028 967 1120; x_wconf 86' lang='lat' dir='ltr'>archiepiscopi·rebus</span> <span class='ocrx_word' id='word_1_40' title='bbox 983 1035 1113 1120; x_wconf 85' lang='lat' dir='ltr'>ageret.</span> 
     </span>
    </p>

    <p class='ocr_par' dir='ltr' id='par_1_3' title="bbox 238 1130 1470 1850">
     <span class='ocr_line' id='line_1_7' title="bbox 283 1130 1363 1206; baseline -0.001 -1"><span class='ocrx_word' id='word_1_41' title='bbox 283 1137 414 1205; x_wconf 92' lang='lat' dir='ltr'>Paulus</span> <span class='ocrx_word' id='word_1_42' title='bbox 429 1136 478 1204; x_wconf 86' lang='lat' dir='ltr'>lv</span> <span class='ocrx_word' id='word_1_43' title='bbox 492 1158 583 1204; x_wconf 87' lang='lat' dir='ltr'>enno</span> <span class='ocrx_word' id='word_1_44' title='bbox 604 1139 689 1206; x_wconf 79' lang='lat'>1559</span> <span class='ocrx_word' id='word_1_45' title='bbox 705 1136 846 1204; x_wconf 89' lang='lat' dir='ltr'>tandem</span> <span class='ocrx_word' id='word_1_46' title='bbox 863 1136 959 1205; x_wconf 89' lang='lat' dir='ltr'>hulla</span> <span class='ocrx_word' id='word_1_47' title='bbox 978 1135 1261 1204; x_wconf 88' lang='lat' dir='ltr'>Maximilianum</span> <span class='ocrx_word' id='word_1_48' title='bbox 1276 1130 1363 1205; x_wconf 85' lang='lat' dir='ltr'>con-</span> 
     </span>
     <span class='ocr_line' id='line_1_8' title="bbox 239 1242 1361 1335; baseline 0.001 -24"><span class='ocrx_word' id='word_1_49' title='bbox 239 1244 401 1312; x_wconf 84' lang='lat' dir='ltr'>firmavit.</span> <span class='ocrx_word' id='word_1_50' title='bbox 432 1245 528 1311; x_wconf 86' lang='lat' dir='ltr'>Tunc</span> <span class='ocrx_word' id='word_1_51' title='bbox 559 1243 701 1311; x_wconf 90' lang='lat' dir='ltr'>demum</span> <span class='ocrx_word' id='word_1_52' title='bbox 729 1242 816 1312; x_wconf 83' lang='lat' dir='ltr'>duos</span> <span class='ocrx_word' id='word_1_53' title='bbox 857 1244 1020 1311; x_wconf 79' lang='lat' dir='ltr'>introitus</span> <span class='ocrx_word' id='word_1_54' title='bbox 1055 1245 1156 1334; x_wconf 85' lang='lat' dir='ltr'>(quos</span> <span class='ocrx_word' id='word_1_55' title='bbox 1186 1245 1361 1335; x_wconf 88' lang='lat' dir='ltr'>jucundos</span> 
     </span>
     <span class='ocr_line' id='line_1_9' title="bbox 239 1350 1358 1441; baseline -0.002 -20"><span class='ocrx_word' id='word_1_56' title='bbox 239 1352 377 1441; x_wconf 85' lang='lat' dir='ltr'>vocant)</span> <span class='ocrx_word' id='word_1_57' title='bbox 406 1352 442 1419; x_wconf 92' lang='lat' dir='ltr'>in</span> <span class='ocrx_word' id='word_1_58' title='bbox 468 1351 591 1420; x_wconf 90' lang='lat' dir='ltr'>urbem</span> <span class='ocrx_word' id='word_1_59' title='bbox 623 1350 851 1419; x_wconf 81' lang='lat' dir='ltr'>Camaracum</span> <span class='ocrx_word' id='word_1_60' title='bbox 881 1350 935 1418; x_wconf 90' lang='lat' dir='ltr'>die</span> <span class='ocrx_word' id='word_1_61' title='bbox 964 1353 1006 1420; x_wconf 84' lang='lat'>22</span> <span class='ocrx_word' id='word_1_62' title='bbox 1031 1352 1162 1419; x_wconf 85' lang='lat' dir='ltr'>mensis</span> <span class='ocrx_word' id='word_1_63' title='bbox 1196 1351 1358 1420; x_wconf 82' lang='lat' dir='ltr'>Octobris</span> 
     </span>
     <span class='ocr_line' id='line_1_10' title="bbox 238 1457 1470 1552; baseline -0.002 -25"><span class='ocrx_word' id='word_1_64' title='bbox 238 1465 405 1550; x_wconf 80' lang='lat' dir='ltr'>tanquam</span> <span class='ocrx_word' id='word_1_65' title='bbox 421 1458 492 1526; x_wconf 83' lang='lat' dir='ltr'>dux</span> <span class='ocrx_word' id='word_1_66' title='bbox 507 1463 541 1526; x_wconf 90' lang='lat' dir='ltr'>et</span> <span class='ocrx_word' id='word_1_67' title='bbox 556 1459 739 1551; x_wconf 88' lang='lat' dir='ltr'>episcopus</span> <span class='ocrx_word' id='word_1_68' title='bbox 754 1459 837 1526; x_wconf 89' lang='lat' dir='ltr'>lecit</span> <span class='ocrx_word' id='word_1_69' title='bbox 852 1457 1125 1537; x_wconf 80' lang='lat' dir='ltr'>Maximilianus‚</span> <span class='ocrx_word' id='word_1_70' title='bbox 1144 1481 1250 1550; x_wconf 91' lang='lat' dir='ltr'>quem</span> <span class='ocrx_word' id='word_1_71' title='bbox 1268 1461 1359 1552; x_wconf 91' lang='lat' dir='ltr'>epis·</span> <span class='ocrx_word' id='word_1_72' title='bbox 1469 1478 1470 1525; x_wconf 73' lang='lat'>1</span> 
     </span>
     <span class='ocr_line' id='line_1_11' title="bbox 242 1558 1470 1658; baseline 0 -23"><span class='ocrx_word' id='word_1_73' title='bbox 242 1567 320 1658; x_wconf 91' lang='lat' dir='ltr'>copi</span> <span class='ocrx_word' id='word_1_74' title='bbox 335 1565 537 1635; x_wconf 88' lang='lat' dir='ltr'>Leodiensis</span> <span class='ocrx_word' id='word_1_75' title='bbox 555 1572 587 1634; x_wconf 88' lang='lat' dir='ltr'>et</span> <span class='ocrx_word' id='word_1_76' title='bbox 602 1565 829 1634; x_wconf 89' lang='lat' dir='ltr'>Tornacensis</span> <span class='ocrx_word' id='word_1_77' title='bbox 855 1569 889 1632; x_wconf 91' lang='lat' dir='ltr'>et</span> <span class='ocrx_word' id='word_1_78' title='bbox 911 1565 981 1633; x_wconf 82' lang='lat' dir='ltr'>dux</span> <span class='ocrx_word' id='word_1_79' title='bbox 996 1566 1179 1634; x_wconf 83' lang='lat' dir='ltr'>Areschoti</span> <span class='ocrx_word' id='word_1_80' title='bbox 1193 1571 1227 1634; x_wconf 89' lang='lat' dir='ltr'>et</span> <span class='ocrx_word' id='word_1_81' title='bbox 1243 1589 1360 1636; x_wconf 91' lang='lat' dir='ltr'>comes</span> <span class='ocrx_word' id='word_1_82' title='bbox 1469 1558 1470 1643; x_wconf 84' lang='lat' dir='ltr'>l</span> 
     </span>
     <span class='ocr_line' id='line_1_12' title="bbox 241 1660 1470 1764; baseline 0 -23"><span class='ocrx_word' id='word_1_83' title='bbox 241 1672 448 1764; x_wconf 84' lang='lat' dir='ltr'>Egmontius</span> <span class='ocrx_word' id='word_1_84' title='bbox 464 1677 498 1741; x_wconf 90' lang='lat' dir='ltr'>et</span> <span class='ocrx_word' id='word_1_85' title='bbox 513 1673 667 1742; x_wconf 87' lang='lat' dir='ltr'>marchio</span> <span class='ocrx_word' id='word_1_86' title='bbox 680 1671 864 1764; x_wconf 88' lang='lat' dir='ltr'>Bergensis</span> <span class='ocrx_word' id='word_1_87' title='bbox 884 1673 1055 1764; x_wconf 92' lang='lat' dir='ltr'>multique</span> <span class='ocrx_word' id='word_1_88' title='bbox 1084 1672 1143 1741; x_wconf 90' lang='lat' dir='ltr'>alii</span> <span class='ocrx_word' id='word_1_89' title='bbox 1158 1673 1224 1740; x_wconf 92' lang='lat' dir='ltr'>viri</span> <span class='ocrx_word' id='word_1_90' title='bbox 1240 1672 1359 1743; x_wconf 87' lang='lat' dir='ltr'>claris·</span> <span class='ocrx_word' id='word_1_91' title='bbox 1469 1660 1470 1729; x_wconf 61' lang='lat' dir='ltr'>i</span> 
     </span>
     <span class='ocr_line' id='line_1_13' title="bbox 243 1780 631 1850; baseline 0.003 -1"><span class='ocrx_word' id='word_1_92' title='bbox 243 1781 324 1849; x_wconf 89' lang='lat' dir='ltr'>simi</span> <span class='ocrx_word' id='word_1_93' title='bbox 340 1780 594 1849; x_wconf 83' lang='lat' dir='ltr'>comitabantur</span> <span class='ocrx_word' id='word_1_94' title='bbox 609 1790 631 1850; x_wconf 86' lang='lat'>¹.</span> 
     </span>
    </p>

    <p class='ocr_par' dir='ltr' id='par_1_4' title="bbox 238 1886 1365 2519">
     <span class='ocr_line' id='line_1_14' title="bbox 282 1886 1356 1985; baseline 0.002 -28"><span class='ocrx_word' id='word_1_95' title='bbox 282 1888 379 1957; x_wconf 91' lang='lat' dir='ltr'>Nihil</span> <span class='ocrx_word' id='word_1_96' title='bbox 394 1912 414 1956; x_wconf 90' lang='lat' dir='ltr'>a</span> <span class='ocrx_word' id='word_1_97' title='bbox 430 1886 667 1957; x_wconf 85' lang='lat' dir='ltr'>Maximiliano</span> <span class='ocrx_word' id='word_1_98' title='bbox 685 1888 849 1980; x_wconf 91' lang='lat' dir='ltr'>episcopo</span> <span class='ocrx_word' id='word_1_99' title='bbox 867 1886 1013 1978; x_wconf 90' lang='lat' dir='ltr'>dignum</span> <span class='ocrx_word' id='word_1_100' title='bbox 1037 1888 1133 1957; x_wconf 86' lang='lat' dir='ltr'>dictu</span> <span class='ocrx_word' id='word_1_101' title='bbox 1151 1895 1271 1985; x_wconf 73' lang='lat' dir='ltr'>actum</span> <span class='ocrx_word' id='word_1_102' title='bbox 1294 1895 1356 1967; x_wconf 87' lang='lat' dir='ltr'>est;</span> 
     </span>
     <span class='ocr_line' id='line_1_15' title="bbox 239 1994 1363 2088; baseline -0.001 -23"><span class='ocrx_word' id='word_1_103' title='bbox 239 2019 304 2065; x_wconf 90' lang='lat' dir='ltr'>nec</span> <span class='ocrx_word' id='word_1_104' title='bbox 319 2018 360 2064; x_wconf 90' lang='lat' dir='ltr'>eo</span> <span class='ocrx_word' id='word_1_105' title='bbox 372 2001 527 2088; x_wconf 89' lang='lat' dir='ltr'>tempore</span> <span class='ocrx_word' id='word_1_106' title='bbox 543 1995 733 2086; x_wconf 83' lang='lat' dir='ltr'>praevidere</span> <span class='ocrx_word' id='word_1_107' title='bbox 745 1997 845 2065; x_wconf 87' lang='lat' dir='ltr'>licuit</span> <span class='ocrx_word' id='word_1_108' title='bbox 864 1994 949 2087; x_wconf 92' lang='lat' dir='ltr'>quid</span> <span class='ocrx_word' id='word_1_109' title='bbox 972 1997 1204 2087; x_wconf 85' lang='lat' dir='ltr'>inposterum</span> <span class='ocrx_word' id='word_1_110' title='bbox 1223 2002 1363 2065; x_wconf 86' lang='lat' dir='ltr'>acturus</span> 
     </span>
     <span class='ocr_line' id='line_1_16' title="bbox 242 2102 1363 2196; baseline -0.002 -23"><span class='ocrx_word' id='word_1_111' title='bbox 242 2109 343 2183; x_wconf 89' lang='lat' dir='ltr'>esset,</span> <span class='ocrx_word' id='word_1_112' title='bbox 355 2103 724 2196; x_wconf 83' lang='lat' dir='ltr'>cumarclriepiscopus</span> <span class='ocrx_word' id='word_1_113' title='bbox 739 2109 774 2173; x_wconf 91' lang='lat' dir='ltr'>et</span> <span class='ocrx_word' id='word_1_114' title='bbox 790 2103 1036 2173; x_wconf 84' lang='lat' dir='ltr'>haereticorum</span> <span class='ocrx_word' id='word_1_115' title='bbox 1059 2102 1313 2196; x_wconf 87' lang='lat' dir='ltr'>impudentiam</span> <span class='ocrx_word' id='word_1_116' title='bbox 1330 2109 1363 2172; x_wconf 90' lang='lat' dir='ltr'>et</span> 
     </span>
     <span class='ocr_line' id='line_1_17' title="bbox 238 2210 1365 2304; baseline 0 -25"><span class='ocrx_word' id='word_1_117' title='bbox 238 2210 391 2303; x_wconf 91' lang='lat' dir='ltr'>Philippi</span> <span class='ocrx_word' id='word_1_118' title='bbox 409 2211 501 2302; x_wconf 89' lang='lat' dir='ltr'>regis</span> <span class='ocrx_word' id='word_1_119' title='bbox 520 2212 763 2280; x_wconf 86' lang='lat' dir='ltr'>ministrorum</span> <span class='ocrx_word' id='word_1_120' title='bbox 781 2212 953 2282; x_wconf 84' lang='lat' dir='ltr'>saevitiam</span> <span class='ocrx_word' id='word_1_121' title='bbox 975 2215 1157 2301; x_wconf 87' lang='lat' dir='ltr'>spectaret.</span> <span class='ocrx_word' id='word_1_122' title='bbox 1185 2210 1254 2279; x_wconf 86' lang='lat' dir='ltr'>Sed</span> <span class='ocrx_word' id='word_1_123' title='bbox 1276 2213 1365 2304; x_wconf 88' lang='lat' dir='ltr'>epis-</span> 
     </span>
     <span class='ocr_line' id='line_1_18' title="bbox 241 2317 1358 2411; baseline -0.001 -24"><span class='ocrx_word' id='word_1_124' title='bbox 241 2340 349 2410; x_wconf 91' lang='lat' dir='ltr'>copus</span> <span class='ocrx_word' id='word_1_125' title='bbox 363 2318 623 2387; x_wconf 80' lang='lat' dir='ltr'>Cameracensis</span> <span class='ocrx_word' id='word_1_126' title='bbox 637 2319 886 2410; x_wconf 87' lang='lat' dir='ltr'>archiepiscopi</span> <span class='ocrx_word' id='word_1_127' title='bbox 896 2319 1101 2411; x_wconf 87' lang='lat' dir='ltr'>dignitatem</span> <span class='ocrx_word' id='word_1_128' title='bbox 1115 2341 1197 2387; x_wconf 85' lang='lat' dir='ltr'>mox</span> <span class='ocrx_word' id='word_1_129' title='bbox 1212 2317 1358 2410; x_wconf 89' lang='lat' dir='ltr'>adeptus</span> 
     </span>
     <span class='ocr_line' id='line_1_19' title="bbox 243 2425 1356 2519; baseline 0.002 -26"><span class='ocrx_word' id='word_1_130' title='bbox 243 2429 292 2494; x_wconf 83' lang='lat' dir='ltr'>est</span> <span class='ocrx_word' id='word_1_131' title='bbox 303 2449 341 2493; x_wconf 93' lang='lat' dir='ltr'>ac</span> <span class='ocrx_word' id='word_1_132' title='bbox 357 2430 440 2492; x_wconf 90' lang='lat' dir='ltr'>tanc</span> <span class='ocrx_word' id='word_1_133' title='bbox 453 2425 648 2515; x_wconf 89' lang='lat' dir='ltr'>graviorem</span> <span class='ocrx_word' id='word_1_134' title='bbox 666 2428 702 2494; x_wconf 94' lang='lat' dir='ltr'>in</span> <span class='ocrx_word' id='word_1_135' title='bbox 717 2427 820 2495; x_wconf 86' lang='lat' dir='ltr'>rebus</span> <span class='ocrx_word' id='word_1_136' title='bbox 836 2426 987 2517; x_wconf 85' lang='lat' dir='ltr'>Belgicis</span> <span class='ocrx_word' id='word_1_137' title='bbox 997 2448 1182 2517; x_wconf 90' lang='lat' dir='ltr'>personam</span> <span class='ocrx_word' id='word_1_138' title='bbox 1193 2428 1356 2519; x_wconf 87' lang='lat' dir='ltr'>suscepit.</span> 
     </span>
    </p>
   </div>
   <div class='ocr_carea' id='block_1_3' title="bbox 320 3008 1280 3079">
    <p class='ocr_par' dir='ltr' id='par_1_5' title="bbox 320 3008 1280 3079">
     <span class='ocr_line' id='line_1_20' title="bbox 320 3008 1280 3079; baseline 0.002 -13"><span class='ocrx_word' id='word_1_139' title='bbox 320 3015 346 3071; x_wconf 79' lang='lat'>2,</span> <span class='ocrx_word' id='word_1_140' title='bbox 367 3011 537 3079; x_wconf 83' lang='lat' dir='ltr'>QUOMODO</span> <span class='ocrx_word' id='word_1_141' title='bbox 558 3012 603 3068; x_wconf 77' lang='lat' dir='ltr'>Ab</span> <span class='ocrx_word' id='word_1_142' title='bbox 624 3008 978 3066; x_wconf 76' lang='lat' dir='ltr'>luculuelscorlruu</span> <span class='ocrx_word' id='word_1_143' title='bbox 998 3010 1203 3068; x_wconf 84' lang='lat' dir='ltr'>PROVECTUS</span> <span class='ocrx_word' id='word_1_144' title='bbox 1224 3014 1280 3068; x_wconf 86' lang='lat' dir='ltr'>SIT</span> 
     </span>
    </p>
   </div>
   <div class='ocr_carea' id='block_1_4' title="bbox 237 3358 1361 4105">
    <p class='ocr_par' dir='ltr' id='par_1_6' title="bbox 242 3358 1360 3772">
     <span class='ocr_line' id='line_1_21' title="bbox 291 3358 1360 3454; baseline 0.004 -28"><span class='ocrx_word' id='word_1_145' title='bbox 291 3358 421 3427; x_wconf 86' lang='lat' dir='ltr'>Eodem</span> <span class='ocrx_word' id='word_1_146' title='bbox 440 3383 531 3427; x_wconf 90' lang='lat' dir='ltr'>anno</span> <span class='ocrx_word' id='word_1_147' title='bbox 550 3383 619 3451; x_wconf 91' lang='lat' dir='ltr'>quo</span> <span class='ocrx_word' id='word_1_148' title='bbox 639 3360 833 3428; x_wconf 88' lang='lat' dir='ltr'>Romanam</span> <span class='ocrx_word' id='word_1_149' title='bbox 855 3364 1174 3454; x_wconf 82' lang='lat' dir='ltr'>comprobationem</span> <span class='ocrx_word' id='word_1_150' title='bbox 1196 3366 1360 3452; x_wconf 87' lang='lat' dir='ltr'>tanquam</span> 
     </span>
     <span class='ocr_line' id='line_1_22' title="bbox 245 3465 1360 3564; baseline 0.004 -32"><span class='ocrx_word' id='word_1_151' title='bbox 245 3465 425 3557; x_wconf 91' lang='lat' dir='ltr'>episcopus</span> <span class='ocrx_word' id='word_1_152' title='bbox 452 3467 711 3536; x_wconf 80' lang='lat' dir='ltr'>Maximilianus</span> <span class='ocrx_word' id='word_1_153' title='bbox 748 3474 890 3564; x_wconf 86' lang='lat' dir='ltr'>accepit,</span> <span class='ocrx_word' id='word_1_154' title='bbox 914 3474 988 3564; x_wconf 87' lang='lat' dir='ltr'>jam</span> <span class='ocrx_word' id='word_1_155' title='bbox 1020 3474 1186 3555; x_wconf 87' lang='lat' dir='ltr'>statutpm</span> <span class='ocrx_word' id='word_1_156' title='bbox 1222 3474 1297 3535; x_wconf 88' lang='lat' dir='ltr'>eret</span> <span class='ocrx_word' id='word_1_157' title='bbox 1322 3474 1360 3536; x_wconf 94' lang='lat' dir='ltr'>ut</span> 
     </span>
     <span class='ocr_line' id='line_1_23' title="bbox 242 3574 1360 3665; baseline 0.004 -26"><span class='ocrx_word' id='word_1_158' title='bbox 242 3594 333 3640; x_wconf 89' lang='lat' dir='ltr'>nova</span> <span class='ocrx_word' id='word_1_159' title='bbox 355 3574 556 3665; x_wconf 87' lang='lat' dir='ltr'>metropolis</span> <span class='ocrx_word' id='word_1_160' title='bbox 586 3575 844 3646; x_wconf 84' lang='lat' dir='ltr'>Cameracensis</span> <span class='ocrx_word' id='word_1_161' title='bbox 873 3580 1127 3660; x_wconf 83' lang='lat' dir='ltr'>institueretur,</span> <span class='ocrx_word' id='word_1_162' title='bbox 1144 3579 1178 3642; x_wconf 90' lang='lat' dir='ltr'>et</span> <span class='ocrx_word' id='word_1_163' title='bbox 1204 3575 1360 3644; x_wconf 86' lang='lat' dir='ltr'>Maximi-</span> 
     </span>
     <span class='ocr_line' id='line_1_24' title="bbox 242 3680 1083 3772; baseline 0.012 -27"><span class='ocrx_word' id='word_1_164' title='bbox 242 3680 356 3747; x_wconf 89' lang='lat' dir='ltr'>lianus</span> <span class='ocrx_word' id='word_1_165' title='bbox 372 3681 444 3771; x_wconf 92' lang='lat' dir='ltr'>ipse</span> <span class='ocrx_word' id='word_1_166' title='bbox 460 3680 666 3772; x_wconf 84' lang='lat' dir='ltr'>designatus</span> <span class='ocrx_word' id='word_1_167' title='bbox 680 3690 742 3753; x_wconf 90' lang='lat' dir='ltr'>est.</span> <span class='ocrx_word' id='word_1_168' title='bbox 1082 3686 1083 3689; x_wconf 65' lang='grc'>’</span> 
     </span>
    </p>

    <p class='ocr_par' dir='ltr' id='par_1_7' title="bbox 237 3787 1361 4105">
     <span class='ocr_line' id='line_1_25' title="bbox 285 3787 1361 3889; baseline 0.007 -34"><span class='ocrx_word' id='word_1_169' title='bbox 285 3788 364 3855; x_wconf 92' lang='lat' dir='ltr'>Non</span> <span class='ocrx_word' id='word_1_170' title='bbox 379 3787 484 3878; x_wconf 86' lang='lat' dir='ltr'>hujus</span> <span class='ocrx_word' id='word_1_171' title='bbox 500 3788 614 3880; x_wconf 91' lang='lat' dir='ltr'>operis</span> <span class='ocrx_word' id='word_1_172' title='bbox 631 3793 828 3884; x_wconf 90' lang='lat' dir='ltr'>estpenitus</span> <span class='ocrx_word' id='word_1_173' title='bbox 841 3794 1018 3886; x_wconf 86' lang='lat' dir='ltr'>inquirere</span> <span class='ocrx_word' id='word_1_174' title='bbox 1032 3819 1118 3889; x_wconf 88' lang='lat' dir='ltr'>quas</span> <span class='ocrx_word' id='word_1_175' title='bbox 1135 3797 1177 3865; x_wconf 92' lang='lat' dir='ltr'>oh</span> <span class='ocrx_word' id='word_1_176' title='bbox 1192 3820 1314 3866; x_wconf 90' lang='lat' dir='ltr'>causas</span> <span class='ocrx_word' id='word_1_177' title='bbox 1328 3803 1361 3864; x_wconf 90' lang='lat' dir='ltr'>et</span> 
     </span>
     <span class='ocr_line' id='line_1_26' title="bbox 239 3898 1358 3995; baseline 0.009 -34"><span class='ocrx_word' id='word_1_178' title='bbox 239 3898 309 3962; x_wconf 85' lang='lat' dir='ltr'>tres</span> <span class='ocrx_word' id='word_1_179' title='bbox 325 3916 429 3973; x_wconf 64' lang='lat' dir='ltr'>nova</span> <span class='ocrx_word' id='word_1_180' title='bbox 445 3898 655 3989; x_wconf 87' lang='lat' dir='ltr'>metropoles</span> <span class='ocrx_word' id='word_1_181' title='bbox 675 3903 709 3967; x_wconf 91' lang='lat' dir='ltr'>et</span> <span class='ocrx_word' id='word_1_182' title='bbox 731 3899 891 3989; x_wconf 82' lang='lat' dir='ltr'>plurimae</span> <span class='ocrx_word' id='word_1_183' title='bbox 911 3902 1124 3995; x_wconf 89' lang='lat' dir='ltr'>episcopales</span> <span class='ocrx_word' id='word_1_184' title='bbox 1142 3904 1300 3973; x_wconf 83' lang='lat' dir='ltr'>ecclesiae</span> <span class='ocrx_word' id='word_1_185' title='bbox 1323 3906 1358 3971; x_wconf 93' lang='lat' dir='ltr'>in</span> 
     </span>
     <span class='ocr_line' id='line_1_27' title="bbox 237 4000 1353 4105; baseline 0.012 -38"><span class='ocrx_word' id='word_1_186' title='bbox 237 4000 356 4091; x_wconf 86' lang='lat' dir='ltr'>Belgio</span> <span class='ocrx_word' id='word_1_187' title='bbox 372 4002 540 4071; x_wconf 85' lang='lat' dir='ltr'>institutae</span> <span class='ocrx_word' id='word_1_188' title='bbox 559 4004 638 4074; x_wconf 88' lang='lat' dir='ltr'>sint.</span> <span class='ocrx_word' id='word_1_189' title='bbox 669 4006 769 4088; x_wconf 84' lang='lat' dir='ltr'>Quod</span> <span class='ocrx_word' id='word_1_190' title='bbox 782 4009 862 4075; x_wconf 85' lang='lat' dir='ltr'>novi</span> <span class='ocrx_word' id='word_1_191' title='bbox 892 4010 999 4076; x_wconf 88' lang='lat' dir='ltr'>creati</span> <span class='ocrx_word' id='word_1_192' title='bbox 1027 4018 1109 4080; x_wconf 89' lang='lat' dir='ltr'>sunt</span> <span class='ocrx_word' id='word_1_193' title='bbox 1135 4012 1353 4105; x_wconf 89' lang='lat' dir='ltr'>episcopatus</span> 
     </span>
    </p>
   </div>
   <div class='ocr_carea' id='block_1_5' title="bbox 231 4208 1360 4438">
    <p class='ocr_par' dir='ltr' id='par_1_8' title="bbox 231 4208 1360 4438">
     <span class='ocr_line' id='line_1_28' title="bbox 266 4208 1360 4281; baseline 0.007 -22"><span class='ocrx_word' id='word_1_194' title='bbox 266 4209 289 4259; x_wconf 90' lang='lat'>1.</span> <span class='ocrx_word' id='word_1_195' title='bbox 307 4208 440 4271; x_wconf 72' lang='lat' dir='ltr'>llnaucors</span> <span class='ocrx_word' id='word_1_196' title='bbox 459 4223 490 4258; x_wconf 83' lang='lat' dir='ltr'>oc</span> <span class='ocrx_word' id='word_1_197' title='bbox 506 4209 572 4265; x_wconf 67' lang='lat' dir='ltr'>Bra.</span> <span class='ocrx_word' id='word_1_198' title='bbox 590 4211 707 4262; x_wconf 80' lang='lat' dir='ltr'>Historia</span> <span class='ocrx_word' id='word_1_199' title='bbox 718 4212 960 4277; x_wconf 73' lang='lat' dir='ltr'>archiepiscopatus</span> <span class='ocrx_word' id='word_1_200' title='bbox 975 4215 1173 4269; x_wconf 83' lang='lat' dir='ltr'>Cameracensis</span> <span class='ocrx_word' id='word_1_201' title='bbox 1184 4218 1274 4281; x_wconf 80' lang='lat' dir='ltr'>l(Bibl.</span> <span class='ocrx_word' id='word_1_202' title='bbox 1297 4221 1360 4281; x_wconf 79' lang='lat' dir='ltr'>Ray.</span> 
     </span>
     <span class='ocr_line' id='line_1_29' title="bbox 231 4289 1351 4360; baseline 0.006 -18"><span class='ocrx_word' id='word_1_203' title='bbox 231 4293 263 4342; x_wconf 88' lang='lat' dir='ltr'>de</span> <span class='ocrx_word' id='word_1_204' title='bbox 278 4290 411 4352; x_wconf 67' lang='lat' dir='ltr'>Belgiqas,</span> <span class='ocrx_word' id='word_1_205' title='bbox 422 4289 463 4340; x_wconf 85' lang='lat' dir='ltr'>Ms</span> <span class='ocrx_word' id='word_1_206' title='bbox 473 4289 618 4352; x_wconf 70' lang='lat' dir='ltr'>ute-ms,</span> <span class='ocrx_word' id='word_1_207' title='bbox 630 4307 654 4354; x_wconf 91' lang='lat' dir='ltr'>p.</span> <span class='ocrx_word' id='word_1_208' title='bbox 669 4292 733 4342; x_wconf 79' lang='lat' dir='ltr'>llll.</span> <span class='ocrx_word' id='word_1_209' title='bbox 752 4320 779 4329; x_wconf 83' lang='lat'>-</span> <span class='ocrx_word' id='word_1_210' title='bbox 791 4294 1059 4360; x_wconf 72' lang='lat' dir='ltr'>Gurcnsuaassaznr,</span> <span class='ocrx_word' id='word_1_211' title='bbox 1083 4299 1198 4349; x_wconf 81' lang='lat' dir='ltr'>Histoire</span> <span class='ocrx_word' id='word_1_212' title='bbox 1215 4300 1351 4350; x_wconf 74' lang='lat' dir='ltr'>ecclesias·</span> 
     </span>
     <span class='ocr_line' id='line_1_30' title="bbox 239 4370 627 4438; baseline -0.003 -17"><span class='ocrx_word' id='word_1_213' title='bbox 239 4373 313 4438; x_wconf 82' lang='lat' dir='ltr'>tique</span> <span class='ocrx_word' id='word_1_214' title='bbox 326 4370 373 4421; x_wconf 81' lang='lat' dir='ltr'>des</span> <span class='ocrx_word' id='word_1_215' title='bbox 387 4370 532 4435; x_wconf 65' lang='lat' dir='ltr'>Paos-Bas,</span> <span class='ocrx_word' id='word_1_216' title='bbox 547 4386 572 4435; x_wconf 91' lang='lat' dir='ltr'>p.</span> <span class='ocrx_word' id='word_1_217' title='bbox 587 4370 627 4420; x_wconf 77' lang='lat'>45.</span> 
     </span>
    </p>
   </div>
   <div class='ocr_carea' id='block_1_6' title="bbox 0 0 1498 5078">
    <p class='ocr_par' dir='ltr' id='par_1_9' title="bbox 0 0 1498 5078">
     <span class='ocr_line' id='line_1_31' title="bbox 0 0 1498 5078; baseline 0 4"><span class='ocrx_word' id='word_1_218' title='bbox 0 0 1498 5078; x_wconf 95' lang='lat' dir='ltr'> </span> 
     </span>
    </p>
   </div>
  </div>
 </body>
</html>
