2958 5076
393 452 580 499 cacuuems
601 452 751 498 causeam
772 452 972 498 errnmmors
1202 439 1242 496 811

120 598 318 690 concipere,
340 620 407 688 que
429 619 549 665 omues
570 596 696 665 incolae
722 596 965 688 profiterentur
993 619 1030 664 se
1057 602 1091 665 et
1119 597 1192 665 Dee
1208 603 1242 665 et

119 704 423 776 Reverendissime
451 704 712 795 archiepiscopo
749 701 930 795 eidemque
968 703 1048 771 duci
1081 703 1241 773 Camera-

119 814 216 882 censi
231 820 265 881 et
278 812 462 905 praeposito
477 816 512 879 et
524 810 671 880 scabinis
680 810 785 879 fidem
799 816 1006 892 retenturos,
1017 816 1051 878 et
1060 812 1241 902 antiquam

119 920 326 1012 religionem
341 919 549 987 catholicam
564 919 829 1011 Romanamque
844 925 1051 1001 servaturos,
1070 941 1244 1010 necprop·

119 1032 172 1093 ter
187 1026 393 1117 religionem
408 1029 468 1094 aut
486 1024 592 1092 aliam
608 1024 652 1091 ob
669 1047 809 1091 causam
828 1024 994 1093 adversus
1016 1024 1243 1094 Reverendis·

120 1133 252 1201 simum
266 1137 550 1224 armacapturos,
575 1129 689 1199 eidem
712 1137 832 1198 contra
850 1131 1015 1200 adversus
1038 1121 1242 1201 seditiosum

121 1248 298 1331 quemque
312 1245 347 1306 et
361 1238 454 1331 pacis
468 1236 618 1330 publicae
635 1228 912 1328 perturbatorem
935 1262 1078 1331 operam
1100 1240 1243 1308 daturos

120 1351 160 1414 ut
168 1348 352 1437 antiquam
367 1345 574 1437 religionem
599 1349 768 1426 tueretur,
785 1367 849 1411 nec
868 1346 931 1412 ulli
954 1351 1015 1414 aut
1029 1346 1167 1439 publico
1182 1353 1243 1415 aut

121 1453 258 1522 ecculto
272 1453 459 1521 conventui
473 1451 667 1533 adfuturos,
685 1451 745 1519 ubi
761 1475 816 1519 res
831 1457 951 1521 contra
970 1454 1149 1543 antiquam
1163 1455 1243 1521 reli·

121 1562 274 1653 gionem,
297 1559 599 1650 archiepiscopum
621 1564 680 1626 aut
701 1559 815 1650 ipsam
842 1558 1018 1627 civitatem
1043 1566 1240 1652 agerentur,

120 1674 180 1737 aut
196 1668 224 1733 si
239 1666 323 1757 quid
338 1666 461 1733 nefarii
477 1665 624 1756 cogitari
638 1663 811 1747 audirent,
830 1666 951 1733 statim
966 1667 1240 1760 archiepiscope,

122 1774 310 1867 praeposito
337 1773 555 1863 scahiuisque
578 1771 788 1850 detectures,
811 1773 865 1840 sin
889 1773 989 1841 aliter
1011 1797 1129 1866 peenas
1145 1775 1244 1843 datu·

121 1906 177 1950 ros
190 1882 318 1973 quihus
333 1881 577 1949 seditiosorum
592 1880 745 1947 fautores
761 1878 1023 1971 plecterentur¹.
1035 1882 1244 1950 Praesidium

121 2013 259 2084 quoque
274 1989 607 2080 quadringentorum
629 1987 794 2065 militum,
820 1989 878 2077 qui
901 1987 1059 2056 scabinos
1089 1994 1244 2080 protege-

121 2104 211 2179 rent,
234 2119 363 2189 magno
387 2104 529 2186 sumptu
550 2118 613 2163 suo
637 2095 816 2164 Cameraei
845 2095 1044 2171 coustituit;
1078 2094 1243 2164 Valeuce-

124 2211 223 2275 nates
239 2205 334 2273 enim
348 2203 488 2272 nullum
501 2199 567 2269 sihi
580 2203 692 2270 otium
706 2207 907 2293 sumpturos
916 2201 1147 2270 arbitrabatur
1160 2204 1245 2293 quin

123 2335 203 2381 cum
227 2311 363 2381 clericis
386 2309 692 2379 Cameracensibus
715 2308 940 2401 ecclesiisque
967 2313 1135 2398 tanquam
1164 2333 1244 2378 cam

125 2419 335 2489 valencenis
351 2418 503 2510 egissent
517 2418 538 2486 ¹.

167 2530 240 2595 Nec
255 2527 329 2594 sine
344 2548 446 2593 eausa
461 2523 723 2593 Maximilianus
736 2523 855 2591 turbas
872 2522 950 2591 illas
963 2524 1124 2608 timebet3
1136 2525 1246 2593 heere-

122 2636 274 2703 ticorum
296 2634 390 2702 euim
407 2630 580 2700 excitabat
595 2632 731 2699 animes
747 2632 946 2722 exemplum
957 2631 1149 2715 seditionis,
1168 2654 1244 2723 quae

121 2742 194 2832 jam
228 2740 368 2810 Cestelli
398 2738 657 2808 Cameracensis
688 2742 807 2806 coorta
834 2744 907 2805 erat
933 2743 967 2807 et
996 2737 1246 2831 archiepiscopi

123 2849 314 2941 imperium
330 2846 556 2915 subverterat.
574 2845 639 2913 Die
661 2849 702 2914 13
728 2845 858 2912 mensis
880 2846 997 2914 martii
1018 2847 1117 2928 1567,
1142 2848 1246 2914 Fran-

124 2957 238 3025 ciscus
258 2953 425 3036 Clericus,
456 2953 540 3021 civis
561 2953 820 3022 Cameracensis
842 2957 876 3019 et
898 2952 1005 3033 dives,
1030 2976 1131 3021 mane
1155 2955 1247 3023 circa

125 3063 299 3132 decimam
314 3061 436 3129 heram
451 3060 686 3151 imagistratui,
711 3061 769 3150 qui
795 3082 836 3127 ea
855 3058 1069 3131 hebdomade
1092 3059 1244 3139 sedebat,

126 3170 289 3241 libellum
317 3169 491 3261 porrexit:
520 3170 557 3236 in
584 3170 660 3236 foro
687 3189 834 3259 magnus
863 3172 936 3234 erat
971 3165 1247 3236 calviniauorum
1302 3239 1306 3247 ,

126 3300 332 3360 concursus,
349 3277 407 3366 qui
423 3299 459 3343 se
475 3276 573 3367 quasi
593 3298 656 3343 suo
676 3297 822 3342 numero
844 3273 1067 3342 Franciscum
1096 3274 1248 3343 fulturas

126 3385 324 3479 sperabant.
348 3384 388 3450 In
407 3383 516 3451 altera
541 3405 648 3450 mauu
671 3383 862 3474 pugionem
884 3381 1057 3464 strictum,
1081 3382 1119 3448 in
1140 3381 1249 3451 altera

127 3493 333 3564 Franciscus
355 3491 506 3560 habebat
535 3489 798 3580 libellumque
829 3488 981 3557 civitatis
1006 3489 1249 3580 magistratum

127 3623 267 3671 summa
288 3621 368 3667 cum
391 3598 584 3666 reverentia
604 3602 639 3664 et
665 3596 864 3665 humilitate
887 3595 1096 3664 admonebat
1114 3597 1250 3688 jamdiu

128 3710 378 3801 Imperatorem
401 3705 548 3797 jussisse
578 3705 833 3772 cenfessionem
861 3702 1106 3793 Augustauam
1136 3705 1250 3796 publi-

130 3817 211 3896 cari,
230 3821 264 3882 et
278 3813 448 3881 submisse
471 3811 678 3904 exposcebat
690 3817 729 3879 ut
744 3809 805 3878 illa
819 3809 996 3901 publicata
1012 3810 1120 3880 turbae
1136 3817 1170 3879 et
1181 3835 1250 3904 po-

130 3922 202 4017 puli
220 3919 393 3990 tumultus
414 3920 626 4003 vitarentur;
651 3918 936 3989 Cameracensem
956 3918 1050 3986 enim
1079 3918 1248 4011 populum

130 4027 405 4125 placidissimum
421 4050 495 4097 esse
526 4049 590 4096 nec
617 4048 787 4094 novarum
808 4047 925 4094 rerum
944 4024 1123 4117 cupidum,
1141 4026 1249 4094 immo

161 4191 185 4242 1.
199 4190 328 4242 Archtrea
342 4189 375 4239 do
389 4190 516 4250 cambrai,
528 4189 581 4249 BB,
593 4191 606 4241 1
634 4214 662 4228 -
675 4189 737 4251 flea.
752 4202 808 4238 aaa
820 4188 1030 4250 montranees,
1049 4187 1249 4252 appointemcae

131 4276 157 4323 et
169 4272 362 4333 moneam,
372 4270 433 4331 etc,
442 4284 468 4333 p.
480 4269 520 4321 66.

160 4371 185 4423 2.
201 4369 278 4421 Gerr.
288 4367 322 4418 de
332 4366 541 4432 Grumbalhp.
556 4367 572 4420 2
587 4365 896 4433 (permonstratum.
913 4364 996 4431 1666),
