2988 5078
288 403 433 455 06010110
453 405 493 451 ΑΒ
514 403 814 452 luculurlscorsruu
836 404 1008 451 Paovucrus
1030 404 1076 449 Sl'l'
1202 385 1241 445 45

121 541 216 612 liano
232 543 416 636 diligenter
428 568 531 640 agere
546 571 617 616 nou
631 548 754 640 potuit.
777 546 949 616 Abbatem
967 545 1107 634 quidem
1123 544 1242 614 Sancti

120 650 291 742 Sepulcri‚
309 653 368 743 qui
384 660 503 723 contra
527 655 757 724 Maximiliani
773 655 1015 745 repetitionem
1039 653 1243 722 reclamita-

120 755 190 841 hat,
208 765 282 826 tam
299 783 418 852 aspere
445 763 587 854 accepit,
619 769 656 831 ut
684 785 765 831 eum
793 784 864 829 non
891 762 1017 829 iterum
1044 760 1181 843 viderit,
1209 766 1242 828 et

118 863 260 956 scripsit
270 888 390 936 omnes
402 868 485 938 istos
497 869 635 938 abbates
647 868 792 938 domum
804 866 1241 951 remittendos‚necdecere

120 992 180 1037 eos
197 972 247 1040 ita
262 974 379 1042 Romae
396 977 523 1067 vagari,
542 982 587 1062 ut,
598 975 838 1057 Cameraceusi
865 975 1114 1067 impedimenta
1141 976 1242 1042 aller-

121 1089 199 1145 rent
212 1084 234 1146 ¹.
252 1080 305 1148 Ita
320 1086 437 1150 autem
452 1084 550 1152 curia
569 1085 727 1151 Romana
750 1081 987 1150 blasimiliano
1009 1083 1140 1149 oflensa
1154 1089 1239 1159 erat,

120 1185 211 1253 utin
227 1208 269 1254 ea
282 1210 352 1255 non
367 1189 520 1258 multum
536 1191 608 1281 spei
629 1190 885 1282 archiepiscopo
907 1195 1009 1272 esset,
1031 1189 1089 1280 qui
1110 1187 1240 1256 diceret

120 1290 327 1362 Pontificem
357 1295 491 1364 litteras
525 1297 566 1366 de
596 1296 734 1366 abbatia
769 1295 977 1365 Valcellensi
1010 1318 1030 1363 a
1060 1295 1242 1386 Margarita

120 1399 267 1490 scriptas
283 1403 471 1493 pronihilo
494 1403 683 1472 ducturum
706 1410 740 1471 et
765 1403 802 1470 in
828 1401 998 1495 angulum
1027 1404 1241 1494 rejecturum

120 1528 195 1575 esse
209 1506 233 1574 ¹.

163 1613 302 1683 Etenim
321 1615 424 1685 abbas
449 1617 686 1703 valcellensis,
704 1617 765 1708 qui
789 1616 1028 1691 Maximiliauo
1054 1617 1241 1709 archiepis·

119 1742 208 1812 copo
232 1722 344 1790 multo
373 1725 545 1816 majorem
575 1749 682 1816 quam
716 1725 878 1817 episcopo
919 1748 992 1793 esse
1021 1724 1238 1816 provinciam

119 1833 224 1920 atque
238 1829 286 1897 ita
297 1852 378 1897 eum
394 1837 567 1923 quaestum
580 1834 696 1924 potius
710 1855 816 1922 quam
831 1832 999 1900 damnum
1017 1832 1138 1900 fecisse
1158 1855 1240 1899 con-

119 1934 297 2019 tendebat,
314 1936 447 2005 litteras
461 1962 481 2006 a
499 1939 667 2023 Pontifice
684 1939 884 2031 impetravit
900 1945 939 2008 ut
959 1938 1237 2007 Maximilianum

118 2039 160 2108 ad
174 2044 271 2111 Rotae
283 2042 420 2134 judices
435 2056 573 2114 vocaret
585 2046 646 2137 qui
658 2048 825 2115 unionem
838 2045 1074 2115 rescinderent
1084 2047 1199 2136 (1561)
1213 2052 1234 2114 ³.

119 2148 304 2242 Philippus
317 2156 434 2220 autem
452 2174 515 2244 pro
535 2153 774 2222 Maximiliauo
801 2152 958 2244 litigabat
984 2152 1109 2221 acriter
1133 2158 1237 2244 atque

118 2254 212 2325 haud
228 2258 302 2325 sine
318 2256 397 2348 jure
424 2259 587 2328 Pontifici
607 2260 746 2351 scripsit
767 2259 856 2327 nibil
876 2282 950 2329 esse
968 2259 1236 2328 rescindendum

117 2385 161 2431 ne
177 2364 281 2432 multi
296 2363 368 2447 alii,
383 2375 509 2457 aperta'
517 2368 623 2435 semel
641 2370 804 2445 fenestra,
823 2366 927 2435 bullis
943 2366 1200 2438 reclamitarent
1211 2367 1232 2435 ⁴.

119 2470 379 2540 Maximilianus
394 2496 544 2564 quoque,
559 2475 618 2564 qui
641 2476 677 2542 in
691 2474 836 2542 alteram
859 2497 992 2556 aurem,
1016 2474 1166 2542 sollicito
1193 2473 1235 2542 de

118 2577 248 2647 unione
266 2580 396 2664 anime,
413 2603 483 2648 nen
504 2580 696 2650 dormiebat
710 2587 732 2664 ⁸,
753 2580 917 2672 Philippo
935 2581 1085 2671 scripsit,
1103 2581 1133 2648 si
1153 2581 1235 2672 quid

119 2684 160 2754 de
178 2685 284 2754 bullis
302 2687 387 2764 suis,
402 2688 496 2777 quod
514 2687 557 2754 ad
576 2702 707 2757 motum
722 2688 903 2780 proprium
924 2690 1099 2773 attineret,
1119 2687 1236 2756 Ponti-

118 2791 174 2861 fex
188 2791 346 2862 deminui
357 2799 542 2885 pateretur,
558 2808 690 2863 motam
706 2795 806 2863 illum
830 2817 902 2864 nou
927 2797 1001 2887 jam
1028 2795 1154 2878 valere,
1172 2817 1237 2864 neo

118 2898 304 2968 ecclesiam
320 2900 607 2971 Cameracensem
623 2925 643 2970 a
660 2903 825 2971 Remensi
845 2901 999 2994 disjungi
1020 2924 1133 2993 posse,
1155 2926 1235 2971 cum

118 3005 206 3074 nihil
220 3006 316 3075 aliud
333 3014 421 3076 esset
437 3007 528 3098 quod
546 3008 753 3078 Pontificem
780 3020 894 3101 posset
916 3008 1086 3077 deterrere
1101 3009 1237 3100 quomi-

119 3136 184 3182 nus
199 3113 319 3183 Galliae
335 3114 420 3205 Regi
436 3137 571 3184 morem
582 3122 730 3207 gereret.
749 3117 869 3209 ltaque
889 3122 922 3185 et
943 3116 1144 3208 Philippum
1157 3117 1237 3185 hor-

119 3226 209 3289 tatus
227 3227 278 3290 est
293 3227 331 3289 ut
342 3221 505 3290 Pontifici
534 3223 701 3292 scriberet
726 3244 762 3291 se
789 3246 861 3292 non
885 3244 1070 3316 passurum
1099 3230 1237 3292 esseut

118 3327 198 3413 sibi,
211 3328 268 3397 vel
281 3327 461 3397 fallacibus
485 3330 655 3408 consiliis,
681 3330 878 3399 auferretur
906 3329 998 3420 quod
1027 3336 1106 3422 post
1124 3336 1237 3399 matu-

119 3456 192 3502 ram
207 3434 434 3504 cardinalium
460 3435 746 3506 deliberationem
767 3462 786 3504 c
809 3440 851 3507 de
875 3436 1092 3528 plenitudine
1118 3442 1237 3530 potes-

116 3542 195 3610 tatis
209 3567 228 3610 »
244 3542 407 3611 Pontifex
420 3544 646 3613 concessisset
662 3541 684 3612 ⁰.
699 3544 853 3614 Tandem
864 3543 1123 3613 Maximilianus
1136 3567 1235 3638 spem

150 3824 175 3875 1.
190 3825 315 3889 correrp.
328 3824 361 3875 de
375 3821 521 3885 manullo,
537 3822 557 3884 Ι,
572 3837 598 3886 p.
609 3821 727 3875 163-161.

147 3923 172 3974 2.
186 3923 297 3989 Papierr
311 3922 411 3985 astar,
425 3921 495 3984 Vlll,
510 3936 537 3984 p.
551 3921 607 3972 362.

146 4020 171 4072 6.
184 4021 258 4073 Gerr.
271 4022 304 4073 de
314 4021 476 4086 barrama
489 4018 654 4081 d'Autricfoe,
670 4017 715 4080 111,
728 4032 755 4083 p.
772 4017 889 4068 tlt-tlt.

146 4119 171 4171 4.
186 4119 266 4182 flia..
281 4119 326 4182 111,
337 4133 364 4184 p.
378 4118 437 4171 119.

145 4218 170 4269 5.
187 4217 406 4285 Papierrd'lltat,
421 4217 464 4279 lx,
479 4233 506 4282 p.
520 4215 629 4267 636631

143 4317 170 4371 6.
185 4314 483 4378 aestumandum,
499 4318 529 4378 ΙΙ,
546 4314 607 4366 1502
623 4314 673 4379 (dle
685 4312 713 4364 31
730 4313 827 4364 meusls
840 4312 900 4376 julli
913 4310 993 4376 1661).
