2958 5076
347 442 386 487 na
407 442 606 488 anxianum
628 441 803 487 cernamus
824 414 958 509 sessola
1151 423 1210 487 129

134 585 332 678 Episcopus
364 584 756 677 Andomaropolitanus,
792 584 978 666 Gerardus,
1015 588 1048 652 et
1082 584 1211 653 Torna-

92 691 220 769 censis,
244 690 432 770 Gilbertus,
454 691 662 760 submissius
681 691 933 782 obscuriusque
956 713 991 759 se
1013 696 1206 783 gesserunt.

92 797 335 876 Tornacensis,
353 797 464 866 nobili
480 798 556 868 loco
572 803 686 879 natus
705 799 841 891 sapiens
866 804 941 866 erat
969 821 1007 866 ac
1032 797 1206 890 prudens:

92 906 209 974 officio
225 929 287 974 suo
304 907 433 998 optime
449 907 616 974 satisfecit
627 910 661 974 et
670 929 795 998 pravos
812 904 1002 975 sacerdotes
1014 906 1060 974 ita
1069 906 1207 998 dejecit,

92 1018 133 1082 ut
148 1012 299 1104 benigne
313 1018 474 1105 acceptus
490 1012 652 1082 omnibus
666 1012 852 1083 videretur¹
867 1032 876 1080 ε
893 1013 952 1081 sed
967 1018 1001 1082 et
1016 1014 1157 1105 negotia
1179 1019 1212 1083 et

92 1120 251 1212 pericula
263 1121 365 1210 fugit,
377 1127 410 1189 et
424 1127 542 1189 narrat
555 1119 776 1190 Morillonius
792 1144 885 1200 eum,
898 1144 979 1189 cum
994 1143 1109 1190 comes
1124 1121 1211 1189 Hor·

93 1251 209 1297 nanus
220 1228 251 1297 ei
266 1227 449 1297 institisset
463 1235 502 1297 ut
513 1229 786 1297 tumultuantem
795 1229 965 1323 populum
977 1234 1210 1321 componeret,

94 1336 342 1428 sapientiorem
357 1336 477 1423 fuisse,
494 1358 598 1430 quam
612 1339 652 1403 ut
666 1334 762 1405 illius
777 1359 928 1428 nequam
942 1336 1062 1434 bestiae
1082 1335 1162 1405 fidei
1177 1359 1213 1405 se

94 1440 354 1513 committeret.

138 1550 193 1620 Ex
217 1551 288 1619 illis
310 1556 426 1620 autem
443 1551 629 1644 episcopis,
651 1552 711 1643 qui
741 1550 999 1620 Cameracensis
1024 1551 1213 1645 provincia

93 1658 202 1728 vicini
220 1664 354 1727 tantum
370 1664 477 1742 erant,
495 1657 661 1751 Yprensis
686 1658 879 1751 Rythovius
902 1681 1037 1751 semper
1060 1662 1214 1728 maxima

95 1789 180 1857 erga
194 1763 370 1834 Albanum
387 1766 547 1834 libertate
563 1790 649 1835 usus
665 1770 727 1849 ast,
751 1765 844 1857 quod
863 1766 1016 1857 insignia
1035 1767 1073 1835 in
1095 1768 1214 1836 catho-

94 1870 201 1943 licam
217 1873 400 1943 eeclesiam
418 1873 588 1942 beneficia
613 1874 686 1964 jam
714 1873 920 1942 contulerat.
947 1876 1051 1943 Juxta
1073 1875 1215 1943 Richar-

94 1980 231 2058 dotum.
266 1981 440 2050 eminebat
467 1980 556 2048 inter
587 1979 747 2071 Belgicos
770 1982 951 2074 episcopos
982 2007 990 2047 z
1023 2005 1115 2065 cum,
1135 1986 1217 2074 post

93 2088 275 2180 Egmontii
305 2087 469 2171 reditum,
499 2111 520 2156 a
547 2088 732 2179 Margarita
758 2087 948 2156 concilium
976 2087 1031 2158 die
1051 2089 1213 2157 lmensis

93 2192 186 2287 junii
217 2198 303 2265 1565
328 2202 556 2264 convocatum
580 2201 642 2274 est,
666 2195 850 2287 Philippus
876 2196 1007 2266 dixerat
1034 2220 1053 2262 c
1077 2196 1213 2288 placere

94 2304 162 2372 sibi
179 2309 218 2371 ut
235 2302 304 2372 duo
320 2308 379 2371 aut
402 2307 469 2371 tres
489 2304 643 2396 episcopi
666 2302 940 2394 adjungerentur
959 2310 993 2371 et
1016 2304 1106 2371 inter
1127 2302 1213 2372 alios

95 2407 309 2501 Yprensium
336 2410 402 2477 sibi
420 2411 571 2478 maxime
589 2410 754 2478 idoneum
770 2410 853 2479 huic
865 2411 1002 2480 muneri
1026 2409 1172 2480 videri»
1188 2409 1210 2481 ⁸.

94 2517 149 2602 Et,
181 2517 297 2609 inquit
324 2516 476 2608 Viglius,
495 2517 530 2584 in
545 2516 769 2586 illoconcilio
793 2543 811 2584 c
836 2517 938 2586 facile
962 2518 1091 2610 primes
1119 2523 1214 2588 tene·

93 2621 165 2707 bat,
188 2624 324 2713 insigne
344 2623 539 2692 Brabantiae
559 2625 763 2717 campestris
781 2629 1035 2710 ornamentum,
1064 2649 1145 2694 cum
1169 2626 1213 2696 ob

92 2754 262 2822 magnam
282 2736 315 2799 et
333 2731 463 2799 variam
483 2731 725 2816 eruditionem,
749 2737 826 2800 tum
843 2737 983 2824 propter
999 2733 1213 2824 singularem

92 2840 172 2908 vitae
213 2861 422 2932 morumque
464 2839 670 2907 castitatem'⁴
695 2863 726 2907 ›.
760 2838 852 2922 Quid
888 2838 929 2908 de
967 2840 1213 2909 hareticorum
1302 2898 1310 2913 .

94 2944 276 3040 suppliciis
305 2945 450 3015 senserit
481 2947 704 3029 exoratione,
722 2970 827 3038 quam
846 2947 883 3013 in
909 2946 1042 3038 syuodo
1069 2945 1212 3017 Mechli·

93 3054 210 3124 niensi
240 3052 374 3131 habuit,
405 3057 566 3144 apparet:
598 3077 617 3120 a
644 3054 689 3124 Ut
719 3076 791 3121 non
829 3059 880 3122 est
912 3054 1027 3146 gladio
1059 3052 1212 3145 plantata

93 3161 233 3254 religio,
258 3161 382 3253 inquit,
406 3161 454 3227 ita
476 3183 548 3237 non
575 3162 650 3230 solo
678 3159 794 3252 gladio
824 3160 966 3230 retineri
992 3167 1126 3254 potest;
1154 3160 1213 3228 sed

93 3267 310 3339 incrementa
340 3267 524 3336 convenire
562 3266 688 3336 debent
725 3267 862 3359 origini.
901 3268 963 3335 Est
999 3267 1140 3361 quidem
1174 3268 1212 3334 in

94 3375 335 3447 defensionem
350 3374 532 3464 religionis
552 3397 616 3443 suo
635 3373 712 3442 loco
733 3375 956 3466 stringendus
974 3374 1130 3466 gladius3
1152 3373 1213 3443 sed

94 3485 283 3553 utilitatem
311 3482 480 3573 majorem
508 3481 630 3561 adfert,
660 3482 688 3548 si
714 3489 855 3573 paterna
881 3483 1055 3550 institutio
1082 3482 1211 3574 judicis

94 3592 314 3662 severitatem
329 3595 531 3667 antevertat,
548 3588 647 3680 'quod
668 3595 700 3658 et
720 3590 847 3658 rationi
869 3593 1142 3660 consentaneum
1162 3595 1213 3659 est

95 3706 127 3768 et
140 3697 354 3791 experientia
369 3695 597 3789 compertum⁸
622 3720 653 3764 ε.

139 3806 214 3876 Sibi
232 3827 367 3897 semper
382 3810 634 3874 consentaneus
646 3803 725 3871 fuit.
745 3803 835 3874 Cum
844 3806 1016 3874 morituro
1027 3802 1213 3896 Egmontio

125 3958 149 4010 l.
161 3958 284 4022 corresp.
300 3956 333 4007 dc
345 3954 495 4018 Granvelle,
507 3955 527 4018 1,
543 3971 568 4020 p.
585 3954 641 4006 121,

125 4057 150 4109 2.
163 4056 231 4109 ibid.
245 4055 278 4117 11,
294 4069 322 4119 p.
338 4053 395 4106 304.

125 4157 150 4208 3.
169 4155 246 4207 Μόνη.
261 4154 294 4204 de
312 4153 422 4219 Viqlim,
435 4147 555 4204 xxxvi.

126 4256 153 4307 4.
171 4253 252 4315 loia,
266 4250 404 4305 XXXVII.

128 4353 154 4405 b.
169 4352 234 4419 Syn.
246 4350 319 4415 Bata.
331 4355 350 4402 t.
363 4350 384 4411 1,
398 4364 426 4415 p.
441 4347 498 4402 iao.
