2988 5078
257 433 295 492 14
734 444 898 491 1111111111

259 590 398 684 quantis
409 552 713 677 rebus,Margarita
721 587 1111 678 gubernante,Belgium
1119 589 1297 657 turbatum
1309 593 1378 657 est!
1481 606 1482 611 ’

258 696 413 778 Nobiles,
432 697 586 788 profecto
608 693 849 775 Granvellano,
873 695 964 788 apud
991 695 1209 787 Margaritam
1234 696 1383 788 praepol-
1481 756 1482 763 ,

235 805 332 903 lent
356 811 389 873 et
416 805 452 871 in
488 802 691 894 Hispaniam
719 802 869 871 mittitur
898 803 1125 894 Egmontius3
1154 826 1238 872 mox
1264 810 1381 873 autem
1481 806 1482 847 l

258 913 365 981 iidem
386 911 518 980 foedera
544 910 778 993 conscribunt,
804 911 877 978 Rex
906 910 1036 980 litteras
1066 911 1108 979 de
1136 912 1381 980 seditiosorum

258 1021 571 1112 haereticorumque
586 1018 698 1111 poenis
715 1019 872 1109 Segovia
894 1018 1028 1103 scribit,
1054 1019 1196 1088 Gheusii
1219 1018 1378 1088 libellum
1481 1016 1482 1037 ¹

259 1128 492 1221 gubernatrici
509 1127 704 1220 porrigunt,
723 1125 909 1194 calviniani
924 1126 1054 1218 ubique
1069 1126 1183 1218 palam
1198 1125 1241 1193 ad
1259 1127 1378 1214 praedi·

259 1238 470 1319 cationesse
494 1233 715 1326 conglobant,
743 1234 963 1303 iconomachi
989 1256 1084 1302 sacra
1108 1233 1376 1326 depopulantur,

260 1346 365 1412 armis
396 1342 545 1434 denique
586 1342 790 1411 decertatur.
808 1333 810 1338 ’
831 1340 1090 1410 Maximilianus
1111 1366 1131 1410 a
1151 1343 1284 1433 Bergis,
1319 1342 1377 1434 qui

259 1453 331 1544 ipse
350 1452 386 1519 in
409 1451 645 1519 Cameracesio
665 1473 730 1517 suo
757 1456 790 1516 et
815 1449 1030 1518 Valentianis
1057 1456 1176 1519 contra
1195 1450 1377 1518 seditiosos

260 1559 511 1649 haereticosque
526 1557 754 1649 repugnabat,
771 1556 932 1624 censebat
944 1557 1049 1625 etiam
1063 1556 1100 1624 in
1114 1557 1233 1649 Belgio
1243 1580 1302 1625 eos
1319 1557 1376 1648 qui

261 1689 357 1735 arma
371 1671 551 1734 moverent
566 1665 672 1732 armis
688 1664 946 1756 opprimendos,
966 1671 1098 1732 ceteros
1109 1670 1222 1733 autem
1240 1665 1277 1732 in
1287 1664 1378 1755 regis

260 1773 486 1864 ecclesiaque
507 1771 686 1841 catholicae
710 1772 884 1842 dicionem
900 1771 1050 1841 adventu
1066 1772 1220 1864 Philippi
1246 1771 1379 1841 tabula-

260 1904 408 1973 rumque
423 1880 645 1971 abrogatione
660 1880 878 1971 redigendos.

268 1991 270 1997 '
304 1990 468 2058 Extremo
482 2010 573 2056 anno
589 1989 674 2057 1567
697 1988 734 2056 in
750 1987 941 2079 Margaritae
956 1985 1076 2055 locum
1089 1988 1256 2056 successit
1278 1985 1380 2056 Alba-

260 2119 339 2166 nus.
356 2097 494 2164 Peritus
508 2094 655 2174 militiae,
682 2096 940 2187 amplissimum
954 2118 1082 2165 nornen
1105 2094 1172 2163 sibi
1196 2096 1270 2186 jam
1284 2096 1381 2163 fece-

260 2210 323 2274 rat.
338 2205 448 2295 Magis
464 2210 582 2272 autem
594 2203 737 2294 ignarus
762 2209 835 2271 erat
851 2203 1037 2294 Belgarum
1063 2202 1195 2294 ingenii
1222 2224 1381 2271 morum-

262 2336 340 2405 que,
360 2335 465 2405 quam
492 2317 530 2379 ut
547 2334 605 2380 eos
633 2311 825 2401 gubernare
855 2317 980 2401 posset.
1010 2312 1123 2378 Ferox
1149 2316 1181 2379 et
1213 2310 1381 2403 superbus

262 2443 343 2488 cum
371 2421 439 2489 hoc
465 2420 596 2511 populo
626 2419 811 2486 convenire
838 2441 909 2485 non
935 2418 1059 2510 potuit,
1092 2419 1150 2510 qui
1179 2424 1305 2486 natura
1332 2425 1381 2487 est
1442 2464 1445 2470 «

262 2528 386 2611 bonuS,
402 2526 498 2595 mitis
516 2525 804 2617 verecundusque
823 2548 902 2617 erga
922 2527 1056 2617 eosqui
1081 2527 1197 2617 ipsum
1219 2527 1333 2594 vereri
1350 2529 1383 2594 et

263 2635 443 2703 observare
458 2633 633 2714 videntur,
649 2632 709 2701 sed
729 2639 827 2702 atrox
852 2638 885 2702 et
915 2634 1037 2702 ultima
1057 2657 1218 2717 ausurus,
1248 2635 1277 2702 si
1303 2635 1381 2726 quis

262 2743 366 2811 fidem
396 2740 560 2810 fefellerit
595 2747 654 2810 aut
680 2742 757 2832 ejus
783 2742 864 2833 jura
890 2741 1115 2810 imminuerit.
1144 2741 1303 2810 Albanus
1344 2743 1379 2809 in

263 2850 422 2942 Belgium
442 2848 657 2941 hispanicam
673 2849 892 2940 gubernandi
920 2850 1092 2917 rationem
1112 2849 1262 2918 induxit.
1292 2850 1382 2918 Eum

264 2958 454 3039 constabat,
485 2957 770 3048 quotiescumque
807 2959 843 3024 in
880 2956 987 3047 Regis
1023 2956 1172 3025 concilio
1216 2958 1258 3026 de
1307 2955 1382 3024 Bel-

264 3066 350 3158 gicis
364 3065 468 3134 rebus
483 3071 599 3133 actum
623 3071 724 3149 esset,
757 3064 863 3131 minis
889 3064 925 3131 in
949 3063 1071 3155 Belgas
1097 3086 1201 3133 usum
1229 3088 1316 3145 esse,
1335 3071 1378 3143 et,

265 3197 346 3243 curn
374 3175 410 3242 in
434 3172 595 3265 Belgium
620 3171 770 3250 advenit,
800 3194 923 3240 omnes
949 3172 1172 3241 crediderunt
1200 3196 1280 3241 eum
1309 3175 1382 3265 jam

265 3281 459 3352 secundum
473 3280 551 3349 illas
568 3279 681 3349 minas
697 3286 855 3348 acturum
877 3301 962 3348 esse.
986 3279 1105 3371 Itaque
1131 3280 1381 3350 Granvellanus

265 3395 349 3459 tunc
382 3389 522 3480 scripsit
549 3387 711 3480 pessimis
739 3385 1007 3454 formidolosum
1031 3387 1155 3455 Albani
1180 3387 1379 3471 adventum,

266 3497 406 3591 optimis
430 3496 585 3564 invisum
599 3494 621 3564 ¹.
647 3494 836 3585 Privilegia
857 3494 1039 3562 civitatum
1060 3517 1123 3586 pro
1146 3494 1257 3563 nihilo
1284 3495 1383 3564 duxit

266 3604 509 3696 nobiliumque
525 3604 661 3671 animos
675 3601 857 3670 offensioni
875 3624 1004 3693 pronos
1020 3602 1118 3671 laesit.
1137 3604 1334 3697 Antequam
1343 3626 1384 3673 ex

265 3712 431 3805 Hispania
444 3713 620 3804 profectus
634 3719 697 3795 est,
715 3710 775 3779 diu
801 3732 882 3777 cum
907 3733 987 3803 rege
1004 3710 1200 3780 collocutus
1215 3720 1312 3797 crat',
1325 3713 1384 3805 qui

266 3818 377 3888 multa
389 3821 421 3888 ei
440 3818 604 3888 adversus
628 3818 749 3909 Belgas
774 3818 996 3887 mandaverat
1017 3819 1235 3911 jusseratque
1257 3810 1412 3914 depre-'

268 3927 413 3996 hendiet
423 3948 543 4018 poenas
554 3924 688 3993 solvere
702 3926 871 4017 proceres,
882 3926 941 4016 qui
954 3927 1062 4017 ipsius
1074 3927 1211 3996 decreta
1225 3929 1386 4020 repudia·

266 4035 484 4119 vissent,aut
508 4056 628 4102 omnes
655 4034 830 4102 inferioris
854 4032 922 4101 loci
956 4034 1062 4117 viros,
1094 4035 1152 4126 qui
1180 4036 1386 4104 tumultibus

268 4143 516 4221 interfuissent,
535 4149 568 4209 et
583 4141 723 4209 multari
740 4141 908 4227 civitates
922 4163 999 4231 quae
1012 4142 1184 4210 tumultus
1199 4165 1272 4210 non
1294 4166 1386 4212 corn-

300 4286 326 4338 1.
348 4284 578 4348 correspondcnce
591 4285 625 4335 de
637 4281 786 4343 Grunvelle,
804 4282 836 4344 11,
847 4282 936 4347 palli.

299 4385 323 4436 2.
343 4384 576 4448 correspondcnce
589 4382 623 4433 ds
636 4381 761 4446 Philippa
777 4381 815 4443 11,
826 4385 843 4432 t.
860 4381 892 4442 ΙΙ,
907 4381 987 4445 129.
