2968 5072
380 423 419 469 os
438 422 636 471 naxmnnso
657 422 832 469 cucurreris:
852 423 988 470 sussonu
1181 410 1239 470 163

122 567 243 639 animo
269 566 317 636 ita
340 566 529 638 dissidebat
560 592 582 637 a
605 565 892 659 gubernantibus,
919 567 979 659 qui
994 574 1078 636 tunc
1100 565 1240 670 judices

121 674 279 745 severius
292 676 331 744 in
345 674 531 745 haereticos
545 673 798 767 seditiososque
815 673 936 745 saevire
947 673 1127 767 jubebant.

168 782 377 875 Quanquam
393 782 504 851 multa
519 780 722 874 ignoramus
734 804 812 874 quae
826 781 897 874 egit
910 780 1184 868 Maximilianus,
1199 803 1242 851 ex

122 888 167 959 iis
182 889 538 981 quaenovimus'satis
559 894 653 983 patet
672 889 852 960 neminem
879 887 915 957 in
943 888 1066 982 Belgio
1087 889 1241 981 diligen-

120 997 249 1067 tiorem
264 997 375 1068 veniae
389 997 562 1091 generalis
573 1019 753 1068 suasorem
771 997 892 1066 fuisse.
913 995 993 1066 Jam
1009 1019 1101 1066 anno
1117 999 1203 1068 1561
1219 1020 1241 1065 a

122 1102 303 1175 nobilibus
315 1109 404 1175 stare
417 1104 579 1180 audebat,
596 1128 678 1174 cum
688 1103 762 1198 regi
775 1103 943 1174 scriberet
952 1102 1130 1174 nobilibus
1144 1103 1243 1173 satis-

122 1211 324 1282 faciendum
336 1234 422 1294 esse,
441 1235 482 1283 ea
505 1213 599 1284 enim
615 1217 753 1282 tantum
783 1216 855 1281 arte
881 1218 915 1281 et
929 1233 1050 1304 pacem
1065 1216 1100 1282 et
1116 1211 1243 1282 catho-

122 1318 228 1390 licam
242 1319 347 1391 fidem
363 1320 500 1391 restitui
513 1343 627 1414 posse.
643 1321 747 1390 Anno
761 1321 860 1403 1566,
877 1325 956 1412 post
972 1318 1244 1412 litterasaRegc

124 1427 284 1521 Segovia
304 1427 461 1522 scriptas,
483 1451 565 1497 cum
587 1431 703 1498 totum
716 1426 884 1520 [Belgium
911 1422 1123 1497 tumultibus
1150 1425 1245 1496 iabo-

121 1540 228 1620 raret,
249 1540 284 1605 et
311 1536 388 1628 ipse
402 1534 634 1618 valentianis,
652 1534 829 1607 Cameraci
846 1531 1054 1628 Castellique
1083 1534 1244 1604 Camera-

124 1642 241 1712 censis
254 1642 501 1713 haereticorum
520 1642 702 1713 audaciam
725 1640 861 1714 videret
879 1647 939 1710 aut
956 1639 1114 1728 vidisset,
1138 1641 1246 1711 Maxi·

123 1748 294 1819 mitianus
317 1750 504 1848 episcopos¹
527 1748 732 1820 hortabatur
768 1753 809 1820 ut
849 1770 929 1819 oum
970 1748 1047 1841 ipso
1074 1747 1247 1843 supplicia

124 1855 406 1951 deprecarentur.
428 1858 525 1927 Tunc
549 1858 795 1951 episcoporum
814 1855 1005 1926 concilium
1030 1856 1160 1927 habere
1185 1879 1246 1925 vo·

124 1963 260 2050 luit3iis
270 1963 424 2058 legatum
434 1965 577 2035 miserat
586 1964 766 2035 doctorem
777 1963 1120 2042 Duacenummoluit
1129 1966 1246 2034 autem

124 2068 326 2165 Yprensis;
364 2071 618 2142 'remacensem
659 2070 992 2164 Atrebatensemque
1024 2070 1246 2165 hiorillonius

123 2177 295 2250 deterruit
305 2181 494 2274 quominus
514 2179 557 2249 ad
583 2179 773 2250 concilium
788 2179 890 2259 irent,
912 2177 1245 2273 Atrebatensemque
1322 2186 1329 2203 '

123 2287 285 2357 hortatus
312 2292 365 2358 est
402 2293 442 2358 ut
476 2286 877 2381 Audomaropolitanum
911 2284 1120 2359 deterreret:
1150 2285 1245 2357 idem

125 2393 357 2465 Granveliano
373 2394 514 2487 scripsit
528 2394 565 2464 in
585 2395 705 2465 animo
724 2393 853 2464 habere
881 2392 1163 2465 Maximilianum
1185 2418 1246 2487 par

122 2500 192 2573 hoc
205 2501 397 2573 concilium
412 2500 526 2572 edicta
539 2501 717 2595 mitigare;
732 2500 854 2572 mirari
870 2523 907 2572 se
928 2500 1104 2594 quomodo
1119 2500 1245 2571 adhoc

123 2609 298 2681 adductus
317 2615 430 2680 esset:
458 2607 556 2680 illius
581 2608 723 2679 concilii
750 2608 991 2680 marchionem
1018 2609 1241 2704 Bergemem,

123 2717 318 2811 Orangium
342 2717 638 2811 Egmontiumque
652 2720 812 2787 auctores
828 2716 973 2787 fuisse'.
998 2715 1142 2787 Duobus
1164 2721 1245 2810 post

122 2824 305 2895 mensibus
320 2823 391 2916 (die
406 2828 427 2896 7
441 2824 573 2894 mensis
586 2824 716 2918 april.),
733 2848 754 2894 a
773 2823 984 2895 Tomacensi
1005 2824 1132 2895 iterum
1153 2824 1243 2918 epis·

122 2956 212 3026 copo
226 2931 705 3025 Maximilianusefilagitavit
733 2936 774 3001 ut
800 2956 822 3001 a
843 2931 1027 3025 Margarita
1049 2930 1242 3002 edictorum

121 3039 360 3111 laxamentum
379 3045 524 3133 peteret,
554 3038 660 3132 quod,
686 3038 735 3108 ait
761 3036 998 3126 Morillonius,
1012 3039 1242 3109 Tomacensis

121 3146 329 3241 prudentior
342 3147 411 3218 tuit
423 3169 528 3239 mam
541 3151 582 3216 ut
595 3147 725 3216 iaceret
737 3152 761 3215 ¹.
777 3146 882 3215 Anno
899 3148 985 3217 1567
1000 3145 1072 3237 (die
1088 3150 1129 3217 10
1144 3168 1240 3216 men·

121 3256 171 3325 sis
185 3254 381 3347 iebmeii),
397 3253 659 3326 Maximilianus
683 3275 805 3323 rursus
817 3252 913 3323 dedit
925 3253 1077 3347 [operam
1100 3259 1141 3322 ut
1152 3253 1241 3346 epis·

122 3364 201 3456 copi
216 3365 380 3456 nepotem
395 3361 600 3433 Richardoti
617 3359 660 3431 ad
674 3360 882 3430 Pontificem
912 3361 1103 3446 mitterent,
1134 3382 1240 3453 quem

121 3470 319 3542 hortaretur
336 3475 377 3541 ut
393 3469 484 3564 Regi
505 3468 726 3540 clementiam
755 3465 929 3553 suaderet,
959 3467 1170 3549 auctoribus,
1189 3468 1241 3538 ait

121 3577 356 3663 Mandonius,
371 3575 573 3648 marchione
595 3575 762 3669 Bergensi
786 3581 821 3646 et
833 3574 1017 3656 Mantinia,
1034 3575 1095 3667 qui
1113 3596 1177 3669 pro
1202 3597 1239 3647 se

121 3684 209 3780 ipsis
223 3684 405 3757 timebant.
422 3684 777 3756 Tornacensisautem
788 3681 919 3775 aliique
932 3681 1087 3777 episcopi
1099 3704 1240 3778 raspon-

120 3792 250 3864 derunt
263 3797 348 3863 tnnc
363 3791 520 3886 singulos
535 3814 599 3886 pro
613 3813 718 3885 grege
740 3812 804 3861 suo
826 3788 894 3861 hoc
915 3789 1030 3862 officio
1050 3811 1125 3862 sese
1140 3790 1240 3861 iunc-

119 3906 232 3989 turos,
245 3923 326 3973 cum
340 3900 416 3996 ipse
429 3902 506 3971 Rex
518 3900 674 3970 venisset
686 3899 709 3969 ⁸.

151 4150 176 4207 i.
189 4153 311 4220 Gom.
323 4152 357 4204 dc
371 4148 520 4213 marato,
532 4149 552 4213 1,
568 4163 593 4213 p.
612 4146 716 4201 tium
729 4147 781 4212 (dic
794 4147 825 4199 10
835 4147 932 4199 memb
943 4148 1017 4200 reor.
1031 4146 1113 4217 1⁶0⁰).

150 4255 178 4308 2.
195 4252 266 4306 ibid.
283 4251 343 4317 hp.
359 4248 479 4304 mm

150 4352 177 4407 8.
191 4350 260 4405 idid.
271 4349 305 4413 11,
319 4363 347 4415 p.
360 4346 480 4401 uem.
