2988 5078
235 422 276 483 26
580 436 618 482 on
640 436 838 484 rummare
859 438 877 483 r
900 436 1005 483 aunors

235 578 367 648 familia
381 579 430 646 nli
448 599 570 670 parum
588 579 770 661 catholica,
793 579 894 674 eique
909 603 1073 673 promum
1098 604 1172 650 esse
1194 583 1254 675 qui
1280 606 1355 653 sus·

235 686 409 782 pioionem
426 684 598 754 sustineat
612 685 797 770 haereseos,
817 708 882 757 neo
899 688 935 755 in
950 688 1083 756 familia
1097 686 1213 756 solum
1226 693 1248 759 ⁸.

277 792 516 886 Imprudenter
535 792 677 886 quidem
702 816 741 862 ae
757 799 887 863 temere
912 795 1088 864 officiosus
1113 800 1164 865 est
1192 795 1353 864 Maximi·

231 900 346 971 lianus
358 901 394 968 in
410 898 600 969 nonnullos
614 900 674 992 qui
685 900 861 993 Hispaniae
875 909 936 971 aut
950 901 1031 971 fidei
1041 902 1221 973 eatbolieae
1234 901 1354 971 adver-

232 1007 331 1078 sariis
351 1011 467 1101 aperte
493 1007 699 1091 servierunt,
729 1014 768 1078 ut
790 1009 1069 1079 Hovelmannnm
1094 1031 1211 1101 quem,
1243 1033 1353 1103 quan·

231 1139 338 1207 quam
354 1114 497 1207 Orongii
513 1120 626 1206 partes
637 1124 778 1185 secutus
791 1122 876 1199 erat,
890 1118 1017 1185 frustra
1028 1114 1161 1185 Albano
1173 1116 1316 1186 tradidit
1326 1122 1348 1187 ⁸.

230 1222 364 1315 Majore
378 1244 515 1315 quoque
529 1221 644 1291 studio
661 1223 917 1292 commendavit
930 1222 984 1291 del
999 1222 1098 1303 bale,
1121 1223 1264 1293 affinem
1280 1247 1351 1293 sura

231 1331 362 1400 sororis
374 1330 509 1422 jamdiu
527 1330 699 1399 defuncta
715 1337 748 1398 et
775 1331 834 1422 qui
855 1330 1006 1399 maxime
1020 1332 1134 1399 tuerat
1155 1330 1351 1399 Tornaoen·

231 1439 280 1508 sis
299 1436 496 1507 consistorii
511 1443 632 1507 auctor
645 1441 667 1508 ⁸.
681 1439 812 1507 Forsan
835 1438 883 1507 ita
899 1460 1000 1506 suam
1014 1437 1088 1530 ipse
1106 1439 1351 1510 auctoritatem

230 1545 514 1639 apudministros
524 1544 858 1639 hispanosaqnibus
868 1545 905 1613 in
915 1546 1352 1639 posternmpetiitveniam

228 1651 442 1744 generalem,
462 1653 604 1745 refregit
620 1659 640 1720 ⁴.

272 1759 530 1830 Maximiliaous
555 1765 671 1829 autam
685 1781 746 1851 pro
761 1756 837 1827 aliis
861 1781 1002 1850 operam
1022 1758 1123 1828 taoile
1146 1760 1349 1854 interponit.

229 1868 354 1939 Utrum
370 1868 507 1935 sincere
521 1873 561 1936 nt
575 1867 685 1961 prosit
699 1889 743 1935 an
766 1872 805 1935 ut
820 1865 1064 1936 liberalitatem
1088 1891 1188 1936 suam
1214 1873 1248 1936 et
1270 1891 1352 1937 ano-

226 1975 402 2043 toritatem
417 1974 645 2044 ostentetrlis
668 1980 803 2043 tantum
830 1997 971 2066 operam
992 1997 1118 2044 navare
1144 1975 1234 2044 solet
1258 1997 1348 2066 quos

226 2082 270 2151 ob
287 2081 478 2149 humanam
493 2081 671 2150 caritatem
693 2081 785 2150 tueri
810 2104 891 2149 enm
914 2104 1055 2171 aequum
1084 2088 1145 2165 est,
1176 2083 1350 2174 imprimis

227 2188 343 2257 viduis
356 2195 389 2256 et
404 2188 511 2267 orbis,
532 2188 626 2258 velot
647 2188 762 2256 vidnae
776 2188 1035 2270 Hoobstratani,
1060 2187 1101 2258 de
1124 2212 1192 2281 qua
1214 2188 1350 2258 Albano

226 2296 477 2387 benignissime
490 2296 629 2385 scripsit
642 2295 756 2386 (1568)
774 2305 795 2362 ³.
812 2294 1033 2363 llorillonius
1049 2300 1165 2363 autem
1177 2298 1255 2388 ejus
1272 2298 1350 2365 olli-

229 2403 291 2471 oiis
306 2425 429 2494 parum
448 2403 589 2472 confidit
606 2408 639 2470 et
661 2424 742 2470 oum
768 2400 800 2470 ei
826 2401 910 2471 dicit
935 2401 1196 2471 Maximilianus
1211 2426 1247 2472 se
1269 2428 1350 2496 ope-

230 2533 306 2578 ram
334 2509 495 2578 daturum
527 2515 566 2578 ut
601 2508 853 2578 Granvellanus
870 2510 1109 2601 episcopatum
1122 2510 1350 2581 Leodiensem

230 2618 396 2698 obtineat,
424 2617 455 2684 ei
483 2617 600 2684 statim
621 2617 828 2708 praepositus
852 2617 1009 2685 Ariensis
1032 2617 1229 2711 respondet,
1253 2618 1294 2687 ab
1313 2642 1350 2688 re

230 2724 295 2792 ista
311 2723 556 2792 abstinendum
571 2723 655 2791 dnm
670 2724 807 2793 noverit
820 2723 905 2816 quid
918 2723 1099 2794 cardinalis
1115 2727 1258 2806 sentiat;
1272 2729 1349 2818 ejus

230 2837 346 2900 autem
362 2837 483 2924 putare
499 2855 533 2900 se
550 2832 759 2899 contrariam
775 2833 982 2899 sententiam
997 2833 1083 2900 fore.
1103 2833 1212 2923 quue
1224 2833 1350 2902 Moril-

226 2939 344 3010 lomus
364 2939 400 3007 in
413 2939 536 3007 litteris
554 2937 782 3007 Granvellano
798 2938 937 3029 seriptis
959 2938 1119 3021 addebat,
1138 2939 1231 3030 qnod
1243 2940 1351 3010 Maxi-

229 3047 374 3115 miliano
390 3046 504 3114 dicere
527 3068 599 3113 non
625 3051 778 3137 poterat:
806 3045 1094 3114 cameracensem
1117 3046 1351 3139 arehiepisco-

229 3179 314 3250 pum
340 3156 389 3222 rei
416 3155 527 3244 magis
554 3153 693 3221 officere
723 3175 828 3243 quem
865 3152 1073 3245 prodesse⁰;
1101 3159 1205 3245 atque
1235 3153 1347 3222 alibi:

231 3288 249 3329 ‹
266 3263 375 3331 Multa
389 3262 503 3352 inepte
520 3261 602 3328 lecit
616 3264 650 3327 at
664 3258 912 3351 imprudenter,
931 3263 1100 3350 praetextu
1113 3259 1190 3328 zeli.
1209 3287 1228 3325 a

275 3369 314 3437 ln
337 3368 629 3461 vituperationem
663 3371 779 3434 antem
804 3367 1064 3435 Maximilianus
1096 3367 1230 3451 cecidit,
1257 3390 1346 3459 quae,

228 3499 386 3545 aversae
407 3474 579 3543 liberalite
596 3496 701 3565 supra
728 3473 878 3558 laudata,
908 3498 949 3542 ex
973 3479 1068 3566 parte
1095 3473 1189 3543 haud
1218 3474 1349 3565 longis-

227 3585 317 3652 sime
334 3583 429 3653 abest
448 3605 562 3652 avere
578 3605 585 3650 :
601 3581 641 3649 Id
656 3587 794 3650 tantum
819 3582 1006 3672 quaerebat,
1027 3582 1219 3652 seeundum
1234 3583 1349 3652 Moril·

258 3764 283 3815 l.
298 3763 409 3826 Papiam
423 3761 524 3823 ἀἘίαί,
540 3761 609 3822 ΙΙΙΙΙ,
624 3775 649 3824 p.
663 3759 775 3813 meari.

260 3861 286 3913 2.
310 3862 384 3911 Corr.
397 3861 429 3909 de
445 3859 590 3921 (tremelio,
607 3859 652 3922 ΙΙΙ,
664 3874 690 3923 p.
706 3859 762 3910 217.

259 3961 283 4013 3.
298 3959 378 4021 reid,
394 3959 426 4019 11,
442 3974 467 4023 p.
478 3957 534 4019 302,
550 3959 605 4019 303,
616 3958 663 4009 516
673 3958 699 4009 et
712 3957 768 4008 557.

260 4061 284 4110 4.
302 4059 380 4119 leid,
398 4056 418 4117 1,
432 4072 457 4121 p.
469 4055 585 4107 lul-192.

260 4158 284 4208 5.
303 4156 381 4207 Aroh.
406 4156 441 4204 du
461 4154 521 4216 Roy
542 4155 574 4204 da
599 4155 731 4217 Belgiqne,
754 4154 865 4216 Popieru
883 4155 975 4205 dileat
999 4157 1025 4205 et
1048 4153 1081 4205 de
1104 4156 1267 4220 l'Audtence,
1286 4156 1347 4218 238,

227 4255 254 4303 p.
266 4238 308 4288 53.

259 4337 283 4389 6.
302 4336 424 4397 Correap.
439 4333 471 4383 de
485 4331 632 4392 Granoelle,
648 4333 692 4392 ΙΙΙ,
707 4347 733 4395 p.
751 4332 803 4382 170.
