2968 5072
351 365 390 409 on
411 365 509 408 vnum
531 364 693 411 unhrains
715 365 965 414 rnouunclrrons
1156 350 1225 411 173·

96 507 228 576 omissa
253 512 374 576 tamen
402 507 488 577 adeo
518 509 602 599 quin
633 509 800 595 Albanus,
833 532 969 603 sempor
995 510 1214 604 propositum

93 614 232 704 assequi
247 613 380 694 volenS,
397 616 509 682 minas
523 615 713 685 adhiberet.

139 721 325 790 Voluntati
341 722 446 790 Ducis
461 723 561 790 multi
583 746 601 791 e
623 725 831 816 praesulibus
855 747 993 794 summa
1017 724 1053 792 vi
1074 725 1215 794 obstite-

94 832 188 907 rant,
206 829 297 897 inter
317 851 403 919 quos
429 829 670 914 Richardotus,
681 855 785 924 quem
801 833 953 901 maxime
965 832 1075 902 veniae
1091 833 1215 924 proba·

95 941 210 1004 torem
239 959 313 1004 esse
342 935 481 1004 scimus.
513 937 621 1028 Atqui
647 938 797 1031 Viglius,
829 939 957 1008 tributo
988 961 1079 1007 novo
1118 943 1214 1008 cete-

95 1045 225 1134 roquin
248 1043 417 1118 infensus.
434 1045 695 1129 Richardotum,
719 1047 778 1138 qui
804 1047 835 1116 ei
860 1046 1056 1115 ostenderat
1083 1049 1213 1138 quanto

94 1150 225 1219 damno
265 1150 463 1220 istiusmodi
503 1154 635 1221 exactio
680 1152 936 1244 provinciarum
977 1152 1129 1222 libertati
1175 1175 1214 1220 ac

95 1264 303 1326 mercaturae
327 1260 443 1326 futura
467 1264 567 1342 esset,
599 1259 826 1328 admonuerat
846 1259 1042 1328 timendum
1069 1282 1142 1327 esse
1169 1282 1213 1327 ne

93 1364 177 1433 Dux
189 1364 379 1434 ulciscendi
395 1364 536 1435 libidine
550 1367 733 1457 impulsus,
748 1390 842 1435 nunc
855 1366 996 1435 inflatus
1009 1366 1165 1435 victoriis
1181 1371 1214 1433 et

95 1473 207 1541 effuso
233 1494 355 1542 cruore
376 1471 487 1541 veluti
511 1473 641 1553 ebrius,
667 1474 838 1566 Hispanos
858 1474 986 1543 milites
1010 1474 1048 1541 in
1070 1472 1212 1541 Atreba-

94 1586 231 1648 tensem
245 1602 370 1670 agrum
386 1579 526 1648 duceret
541 1585 623 1648 etse
638 1602 701 1649 suo
717 1581 765 1649 ibi
781 1603 879 1649 more
894 1587 1038 1671 gereret.
1051 1580 1106 1648 Ad
1121 1580 1213 1671 Hop-

96 1708 222 1777 perum
253 1708 393 1779 quoque
423 1688 573 1779 scripsit,
608 1688 701 1756 haud
736 1688 877 1779 ignarus
916 1688 1035 1778 quanti
1069 1687 1214 1755 referret

96 1793 224 1862 Albani
247 1793 432 1885 pecuniam
454 1794 674 1864 contrahere:
699 1820 717 1861 a
742 1796 896 1864 Gratiam
918 1795 1051 1864 tamdiu
1071 1815 1214 1886 exspec-

96 1909 206 1971 tatam
227 1901 368 1992 quidam
395 1900 537 1970 allatam
560 1903 728 1971 referunt.
746 1904 879 1972 Verum
899 1924 963 1993 ego
985 1901 1099 1970 adhuc
1123 1900 1212 1968 nihil

97 2008 174 2099 ejus
189 2006 274 2086 vidi,
290 2031 354 2077 nec
371 2031 411 2078 ea
424 2010 513 2078 forto
524 2009 767 2100 publicabitur,
782 2010 851 2078 nisi
862 2010 1051 2101 impetratis
1062 2008 1158 2100 prius
1170 2008 1213 2074 iis
1230 2070 1235 2083 ,

98 2138 178 2207 quar
194 2139 215 2183 a
235 2115 382 2184 statibus
411 2115 587 2208 postulata
606 2123 652 2195 et,
670 2124 709 2186 ut
728 2116 787 2184 alii
805 2117 936 2200 dicunt,
960 2121 1038 2208 post
1064 2137 1213 2184 messem

97 2223 205 2314 spicae
227 2222 328 2292 lectae
340 2224 470 2292 fuerint
485 2227 506 2291 ¹.
524 2248 543 2291 a

139 2330 209 2400 Sed
229 2330 379 2401 Mantua
393 2332 666 2422 Carpetanorum
685 2354 821 2424 semper
835 2331 1069 2400 inclinatiores
1084 2329 1127 2398 ad
1145 2329 1213 2398 cle·

94 2438 266 2507 mentium
281 2437 404 2515 animi3
422 2461 551 2508 munus
567 2461 648 2531 ergo
667 2439 755 2507 Duci
776 2439 896 2508 datum
911 2462 931 2506 a
953 2439 1058 2528 Rege,
1076 2459 1137 2529 per
1157 2437 1213 2504 lit-

95 2552 187 2613 teras
199 2544 255 2615 die
269 2547 308 2613 l8
321 2546 451 2614 mensis
462 2546 662 2615 novembris
678 2549 763 2616 1569
774 2547 931 2637 scriptas,
940 2544 1214 2636 veniaepromul-

94 2652 236 2744 gandam
255 2652 314 2721 sed
333 2659 463 2744 quanta
478 2658 552 2722 erat
567 2653 702 2722 Albano
716 2651 892 2721 festinatio
912 2654 948 2720 in
971 2650 1210 2744 exsequendis,

95 2760 125 2828 si
142 2759 228 2851 quid
243 2761 399 2852 asperius
412 2761 566 2852 jusserat
590 2761 674 2843 Rex,
693 2759 876 2841 mandatis,
893 2766 990 2827 tanta
1008 2758 1167 2850 segnitia,
1183 2758 1213 2824 si

95 2867 180 2959 quid
196 2867 315 2936 mitius
330 2866 352 2936 ⁸.
369 2868 505 2937 Interea
516 2890 599 2937 vero
612 2867 884 2936 manifestiorem
896 2866 1088 2934 tribuenda
1103 2865 1214 2933 venia

93 2973 313 3044 voluntatem
324 2974 507 3068 Philippus
520 2980 733 3067 susceperat:
748 2975 877 3043 etenim
891 2995 981 3043 anno
995 2976 1081 3042 1570
1091 2994 1213 3040 rursus

95 3105 264 3173 magnam
275 3082 364 3174 apud
379 3105 460 3152 eum
474 3083 714 3152 auctoritatem
726 3081 875 3151 habebat
886 3081 1077 3151 Rodericus
1089 3080 1215 3148 Goma-

95 3190 171 3260 sius
192 3214 212 3258 a
243 3190 336 3260 Silva
356 3190 429 3282 qui,
455 3190 592 3259 Albano
611 3189 884 3272 inimicissimus,
907 3187 1048 3256 nullum
1072 3193 1214 3278 prater·

94 3297 254 3369 mittebat
268 3297 386 3367 locum
397 3297 503 3366 Ducis
520 3297 719 3388 superbiam
734 3301 769 3366 et
781 3296 964 3380 saevitiam,
976 3294 1213 3386 Hispanorum

94 3405 282 3498 imperium
314 3408 350 3474 in
381 3405 501 3496 Belgio
529 3403 806 3484 labefactantem,
835 3401 1076 3497 vituperandi3
1109 3401 1214 3470 simul

95 3512 347 3582 Granvellanus
362 3519 396 3581 et
411 3533 492 3580 cum
509 3509 740 3581 Granvellano
755 3509 918 3579 nonnulli
937 3507 1212 3578 misericordiam

94 3618 298 3690 suadebant.
314 3622 389 3690 Rex
406 3619 561 3701 demum,
581 3618 718 3687 Annam
736 3618 953 3686 Austriacam
969 3638 1113 3686 uxorem
1129 3637 1213 3685 mox

96 3727 278 3807 ducturus,
296 3727 535 3817 intelligebat·
548 3748 638 3818 opus
650 3748 725 3795 esso
737 3747 810 3794 non
829 3724 949 3794 omnia
959 3725 1212 3794 Germanorum

95 3834 219 3905 studiis
233 3855 372 3927 negare,
389 3855 455 3903 nec
475 3832 595 3903 decere
614 3834 740 3923 Belgas
753 3832 880 3903 animis
894 3830 1039 3902 omniuo
1058 3835 1212 3901 conster-

123 4024 148 4074 1.
163 4023 290 4084 Homer,
305 4036 331 4086 p.
346 4021 459 4073 effoth.

121 4112 146 4163 2.
158 4112 271 4164 Karana
286 4125 320 4162 or
330 4111 515 4173 Lmraunovc,
531 4110 579 4177 Op.
589 4111 645 4173 clf..
661 4115 679 4162 t.
695 4110 728 4172 ΙΙ,
744 4126 769 4175 p.
780 4108 836 4160 229.

121 4210 146 4262 3.
163 4211 214 4262 Tu.
229 4210 322 4272 Josrr,
337 4210 370 4260 Le
384 4208 565 4262 Scuttccment
582 4209 628 4262 dcc
644 4210 779 4274 Papa-Boo
797 4210 888 4261 contro
906 4205 934 4258 la
947 4206 1111 4258 deminution
1124 4205 1209 4270 Etpa-

92 4290 169 4356 anob
183 4290 355 4357 (lma-fara),
369 4305 395 4355 p.
412 4290 467 4342 202.
