2958 5076
507 436 630 482 srunnrs
652 432 859 483 convocamus
1205 423 1245 485 63

124 586 243 654 Sancti
280 583 374 652 Petri
411 582 612 663 baracensis,
653 582 769 649 Sancti
806 583 995 649 Andomari
1027 581 1239 665 Lileriensis,

123 699 251 762 sanctae
277 689 413 760 Gudilae
441 687 690 764 Bruxellensis,
725 689 1041 768 *driderlachtensis
1079 691 1243 774 Lirensis‚

122 799 411 876 annhontensis‚
437 794 784 874 Tenernmundensis
813 796 1005 864 Alostensis
1034 803 1067 864 et
1090 798 1244 888 plurium

123 909 275 977 aliorum
288 905 523 996 capitulorum
543 902 701 970 diocesis
724 908 757 969 et
776 903 964 994 provinciae
985 903 1243 972 Cameracensis

123 1014 313 1107 respective
329 1010 555 1080 ecclesiarum
572 1010 836 1102 collegiatarum
859 1012 1005 1102 delegati
1026 1018 1058 1079 et
1073 1036 1245 1101 procura-

124 1129 216 1191 tores
231 1143 270 1188 ac
287 1116 537 1211 quamplurimi
550 1118 836 1210 archipresbyteri
854 1141 915 1186 seu
938 1119 1058 1187 decani
1080 1120 1246 1188 Christia-

122 1228 243 1296 nitatis
266 1226 446 1315 curatique
481 1222 638 1292 dicecesis
667 1224 924 1292 Cameracensis
952 1232 984 1292 et
1014 1225 1245 1316 plurimorum

123 1357 263 1427 quoque
276 1332 453 1408 abbatum,
471 1330 734 1414 abbatissarum,
753 1332 908 1422 priorum
926 1338 959 1400 et
979 1332 1245 1424 praepositorum

122 1446 378 1535 procuratores
405 1437 448 1504 ad
475 1437 676 1527 praedictam
702 1437 876 1531 synodum
906 1439 1101 1531 specialiter
1127 1439 1242 1516 missi;

125 1549 227 1617 multi
241 1546 390 1638 denique
408 1550 479 1612 tam
505 1568 546 1611 ex
565 1545 770 1612 Lovaniensi
794 1568 899 1635 quam
918 1547 1090 1613 Duacensi
1111 1546 1245 1616 Acade-

126 1656 205 1723 miis
219 1677 327 1723 sacrae
343 1651 528 1742 theologiae
538 1652 696 1742 jurisque
708 1651 866 1720 canonici
881 1652 1049 1735 doctores
1063 1653 1105 1721 ab
1116 1654 1246 1721 archio-

126 1764 268 1855 piscopo
285 1761 416 1828 evocati
432 1759 452 1827 ¹.

169 1871 249 1938 Non
264 1890 369 1960 opera
383 1867 534 1958 pretium
550 1872 601 1933 est
619 1871 727 1933 totam
752 1866 936 1958 synodum,
963 1867 1242 1947 deliberationes

125 1976 355 2046 Maximiliani
377 1975 653 2042 cohortationem
688 1979 747 2040 aut
773 1974 987 2053 Richardoti‚
1017 1974 1139 2042 Galeni
1162 1976 1246 2043 alio-

127 2107 273 2178 rumque
289 2082 462 2151 orationes
475 2081 616 2164 referre,
633 2103 830 2171 quanquam
847 2080 888 2148 de
904 2081 945 2148 iis
960 2082 996 2148 in
1007 2081 1126 2172 Belgio
1141 2087 1244 2173 atque

125 2193 230 2260 etiam
243 2190 327 2259 ioris
340 2212 411 2256 non
426 2188 534 2256 semel
550 2187 677 2256 mentio
692 2190 781 2255 lacta
796 2195 857 2257 est.
877 2189 1134 2256 Maximilianns
1150 2190 1243 2257 enim

125 2300 167 2367 de
198 2323 260 2367 sna
297 2296 428 2389 synodo
462 2296 548 2384 Regi
580 2317 819 2386 saepenumero
841 2296 993 2386 scripsit3
1025 2295 1244 2364 Morillonins
1286 2292 1288 2295 ’

126 2406 249 2475 Galeni
264 2405 468 2483 orationem,
487 2426 591 2494 quern
607 2401 691 2470 dicit
708 2402 897 2469 doctiorem
916 2425 989 2469 esse
1010 2426 1114 2492 quani
1138 2403 1243 2471 diser·

125 2514 249 2581 liorem
265 2512 287 2594 ¹,
307 2507 537 2579 Granvellano
558 2509 669 2590 rnisit;
691 2510 777 2598 Regi
798 2510 903 2577 etiam
924 2510 1105 2600 Margarita
1124 2510 1243 2578 Came-

125 2643 302 2688 raceusem
317 2617 488 2709 synodum
502 2615 648 2696 rettulit,
664 2616 745 2708 quia
758 2618 849 2684 lama
864 2622 939 2683 erut
960 2617 1130 2708 synodum
1146 2616 1242 2684 illam

125 2725 285 2816 Philippo
299 2723 430 2813 legatos
443 2721 485 2789 de
496 2722 573 2812 ejus
584 2720 703 2788 edictis
715 2745 788 2789 esse
802 2724 986 2791 missuram
1001 2747 1007 2791 :
1023 2725 1115 2815 quod
1126 2730 1243 2792 autem

123 2834 152 2899 ei
169 2831 290 2899 scribit
317 2853 352 2898 se
379 2830 489 2920 ipsum
516 2851 587 2896 uon
612 2828 775 2911 audiisse,
804 2836 957 2898 ceterum
986 2830 1242 2922 prolribituram

123 2964 196 3007 esse
218 2935 410 3005 secundum
434 2934 539 3023 Regis
559 2935 775 3002 volunlatem
804 2960 847 3003 ne
878 2937 980 3027 legati
1012 2938 1062 3003 illi
1089 2937 1243 3028 proticis-

123 3054 279 3113 (rantum.

166 3152 265 3235 Quml
279 3152 316 3219 in
330 3151 393 3218 hac
412 3149 541 3240 synodo
557 3148 627 3239 egit
640 3158 699 3215 aut
715 3149 801 3216 dixit
815 3150 1077 3218 Maximilianus
1089 3151 1240 3218 maxime.

121 3260 162 3325 ad
179 3261 242 3327 hoe
260 3281 347 3350 opus
367 3256 527 3348 pertinet.
553 3254 815 3324 Observandum
838 3257 944 3347 igitur
961 3258 1114 3349 primum
1132 3281 1241 3347 quan·

124 3374 241 3458 lopere
257 3373 296 3433 nt
309 3365 460 3456 synodus
473 3364 590 3431 onmia
606 3362 742 3432 decreta
751 3365 951 3432 Tridentina
963 3366 1131 3457 reciperet
1141 3364 1242 3434 labo·

122 3474 257 3542 raserit.
274 3473 398 3539 Charta
412 3478 528 3539 autem
544 3471 753 3560 acceptionis
769 3472 815 3537 ita
831 3478 921 3540 erat:
941 3473 1046 3563 «Ego
1062 3473 1105 3541 N.
1123 3472 1240 3540 omnia

120 3588 150 3647 rt
167 3580 305 3671 singula
318 3602 396 3669 qua
413 3578 448 3644 in
463 3585 578 3645 saneta
595 3578 725 3668 synodo
749 3578 951 3647 Tridentina
967 3579 1106 3647 definita
1126 3587 1159 3648 et
1174 3586 1240 3647 sta·

120 3694 191 3755 tuln
221 3694 315 3769 sunt,
347 3684 460 3777 palam
501 3684 644 3775 recipio,
680 3708 817 3752 necnon
852 3708 969 3752 veram
1006 3686 1239 3754 obedientiam

118 3817 255 3863 summo
275 3795 430 3861 Romano
455 3792 607 3884 pontilici
622 3792 773 3883 spondeo
798 3799 832 3859 et
854 3793 1035 3884 proliteor;
1065 3793 1239 3886 simulque

120 3901 265 3969 hareses
280 3923 402 3968 omnes
418 3924 437 3966 a
459 3899 564 3966 sacris
582 3897 771 3965 canonibus
794 3903 827 3965 et
843 3899 1063 3988 generalibus
1079 3899 1236 3967 conciliis

119 4009 376 4099 praesertimque
401 4032 421 4073 a
452 4005 614 4097 praedicta
643 4004 773 4095 synodo
799 4005 1002 4074 Tridentino
1044 4007 1236 4086 damnatas,

149 4163 170 4210 l.
188 4161 282 4210 laianu
296 4160 348 4217 ΧΥ,
362 4174 388 4221 p.
407 4160 461 4209 183.

147 4252 170 4298 2.
187 4250 261 4301 Cor-r.
277 4249 313 4295 alu
325 4248 398 4296 cord.
415 4250 448 4297 cle
459 4247 605 4305 decurrite,
620 4247 642 4309 Ι,
659 4263 683 4309 p.
702 4247 739 4294 lb.

148 4342 172 4389 tl.
187 4341 261 4388 Gerr.
278 4338 310 4384 rie
326 4336 447 4400 Philippa
465 4338 498 4395 ll,
513 4340 530 4384 l.
547 4337 567 4395 l,
580 4351 604 4398 p.
616 4335 671 4384 3⁹11.
