2958 5076
636 474 674 518 ott
698 473 791 519 VENIA
814 473 963 519 accentu

296 1023 489 1104 A.NUMQU1
513 1049 579 1095 EUM
605 1051 645 1095 AB
668 1046 870 1095 cucullarum
888 1020 1118 1098 PBAEDICABDAM
1133 1050 1331 1096 lNDUXERlBT

565 1453 599 1500 o.
626 1428 740 1499 Aliine
764 1431 874 1521 Bclpii
895 1433 1073 1526 episcopi?

301 1699 379 1768 Non
403 1698 496 1768 idem
520 1721 656 1792 semper
678 1699 720 1769 de
745 1700 919 1768 hereticis
939 1708 973 1770 et
992 1700 1166 1770 seditiosis
1191 1698 1373 1792 puniendis

257 1811 317 1876 aut
336 1806 378 1876 de
397 1807 508 1900 gratia
532 1806 751 1877 concedenda
771 1807 883 1899 Belgii
908 1809 1062 1901 episcopi
1085 1812 1283 1876 senserunt.
1302 1807 1374 1874 Bt-

256 1915 330 1983 uim
354 1922 541 2005 antequam
560 1916 602 1982 ad
622 1915 782 2006 Belgium
801 1915 994 2008 regendum
1011 1917 1167 1984 Albanus
1184 1915 1341 1996 accessit‚
1357 1937 1375 1981 a

257 2022 392 2091 saevitia
404 2044 475 2090 non
488 2023 629 2092 omnino
641 2023 889 2100 abhorrebant;
907 2048 989 2092 cum
1004 2028 1121 2093 autem
1136 2021 1241 2116 plura
1256 2020 1373 2089 indies

256 2128 428 2222 supplicia
442 2128 616 2209 viderunt,
634 2136 710 2199 tum
728 2153 833 2224 quam
847 2132 943 2199 irrita
955 2130 1016 2199 illa
1029 2136 1144 2200 essent
1159 2135 1194 2199 et
1207 2135 1372 2222 quantum

258 2236 438 2306 catholica
460 2237 593 2306 caritati
617 2244 854 2330 repugnarent
881 2238 1139 2308 intellexerunt.
1163 2237 1279 2320 Quam
1304 2260 1371 2304 sus-

257 2347 347 2436 pecti
364 2344 539 2436 Hispanis,
555 2343 611 2413 vel
626 2352 705 2414 anta
719 2345 846 2413 Albani
860 2345 1062 2427 adventum,
1078 2345 1241 2415 nonnulli
1267 2349 1373 2413 essent

258 2452 414 2544 episcopi
429 2451 594 2543 cogitanti
613 2474 684 2520 non
703 2453 834 2521 mirum
849 2452 1026 2522 videbitur
1040 2451 1121 2522 illos
1139 2453 1231 2521 iuter
1248 2453 1372 2544 primos
1454 2498 1455 2539 ἦ

258 2557 397 2627 veniam
412 2556 610 2649 generalem
625 2559 667 2627 ab
680 2560 815 2628 Albano
830 2559 982 2653 petiisse.

302 2665 503 2734 Notandum
521 2671 572 2734 est
588 2667 694 2735 etiam
717 2666 798 2736 illos
821 2668 1002 2760 episcopos
1025 2689 1097 2736 non
1117 2668 1307 2760 Hispanos,
1321 2667 1373 2735 sed

259 2771 382 2862 Belgas
401 2771 584 2867 plerosque
611 2797 684 2842 esse
712 2780 758 2856 et,
781 2775 872 2842 sicut
891 2774 1016 2867 Belgas
1036 2797 1170 2856 omues,
1192 2774 1373 2868 Hispanico

259 2879 385 2950 Albani
404 2880 703 2949 administratione
727 2882 876 2951 offensos
895 2881 1014 2950 fuisse.
1037 2881 1135 2951 Unde
1160 2881 1260 2950 litut
1283 2881 1372 2949 aliter

258 2988 443 3079 Margarita
455 2988 683 3078 gubernante,
692 2988 792 3059 aliter
803 2988 938 3059 Albano
952 2988 993 3057 de
1004 2989 1176 3058 seditiosis
1190 2989 1370 3058 senserint:

259 3119 341 3165 cum
355 3096 538 3188 Margarita
553 3101 588 3164 et
606 3097 716 3189 Viglio
741 3101 775 3165 et
798 3097 1038 3178 Granvellano,
1068 3120 1223 3187 quocum
1244 3120 1372 3192 semper

259 3203 575 3286 communicabant,
611 3203 897 3280 consentiebant;
939 3204 981 3272 ab
1018 3204 1163 3284 Albano,
1202 3204 1239 3271 in
1276 3227 1371 3296 quem

260 3312 413 3379 maxima
429 3310 587 3380 libertate
603 3334 693 3404 saepe
708 3313 763 3380 'usi
778 3311 1115 3396 suut,dissede1·uut.

304 3419 463 3486 Primum
487 3419 572 3511 quid
592 3425 671 3488 ante
696 3417 822 3487 Albani
836 3418 1024 3488 adventum
1042 3417 1211 3488 senserint
1226 3420 1371 3512 episcopi

259 3524 420 3597 videmus
432 3526 470 3593 iu
483 3525 545 3595 illo
565 3525 727 3603 concilio,
745 3526 849 3617 quod,
866 3527 1072 3595 assentiente
1087 3525 1253 3618 Philippo
1273 3528 1368 3619 Rege,

260 3638 340 3726 post
362 3633 540 3724 Bgmontii
564 3633 717 3703 reditum
745 3656 766 3701 a
792 3634 979 3726 Margarita
1008 3633 1217 3702 advocatum
1248 3642 1310 3718 est,
1339 3644 1370 3701 ut

262 3741 613 3832 quaereretquomodo
622 3738 774 3834 populus
785 3747 846 3810 aut
855 3741 1099 3833 praedicatione
1108 3747 1168 3809 aut
1179 3741 1370 3810 scholarum

262 3847 480 3916 institutione
494 3848 536 3916 ab
550 3848 723 3923 hereticis
739 3848 915 3918 erroribus
938 3849 1046 3919 averti
1068 3853 1187 3941 posset
1202 3851 1226 3916 ¹.
1242 3849 1297 3917 Ex
1309 3848 1369 3916 illis
1454 3828 1455 3921 l

262 3955 485 4048 praescriptis,
515 3956 697 4048 episcopus
721 3957 887 4050 Yprensis
910 3957 1115 4048 Bythovius,
1130 3954 1371 4025 Namurcensis

264 4061 443 4145 Havetius‚
471 4061 850 4155 Andomaropolitanus
878 4063 1063 4148 Garamas,
1091 4062 1290 4148 Jansenins,
1319 4062 1370 4157 qui

238 4174 239 4177 ’
262 4168 367 4261 paulo
377 4173 457 4261 post
467 4167 702 4239 (landavensis
713 4170 894 4263 episcopus
904 4173 1015 4241 iactus
1028 4175 1080 4240 est
1091 4171 1219 4262 aliique
1227 4169 1371 4261 theologi

293 4385 317 4434 1.
335 4383 457 4448 Correap.
475 4384 507 4435 de
521 4383 644 4450 Philippo
654 4386 690 4446 11,
707 4389 725 4438 t.
740 4386 763 4449 Ι,
776 4400 803 4450 p.
818 4384 873 4437 346.
