2958 5076
413 439 610 487 conarsruors
631 443 819 491 ccnmconuu
839 445 967 493 normas
1215 428 1253 488 57

135 585 195 657 circ
210 583 401 652 sacerdotes
416 584 610 675 saepissime
625 588 791 656 visitaret.
809 588 932 657 Eidem
947 614 1007 657 rex
1025 590 1097 682 ipse
1115 587 1254 680 scripsit

135 715 170 760 se
183 714 333 782 suosque
348 691 526 758 ministros
541 693 630 760 nibil
645 695 826 764 commode
842 703 979 765 acturos
992 720 1077 773 esse,
1099 695 1130 763 si
1144 718 1253 763 sacer·

135 797 230 866 dotes
246 821 310 865 sua
325 799 446 865 munia
472 821 542 866 non
570 801 748 892 explerent
764 801 782 869 ¹.
814 803 863 870 De
894 803 1102 896 perturbatis
1125 801 1252 871 Valen-

136 906 240 973 tianis
256 906 487 996 reprehensus
502 908 657 975 marchio
669 910 852 999 Bergensis
868 911 1060 1001 Margaritae
1075 908 1253 1000 respondit

136 1012 438 1102 archiepiscopum
458 1035 529 1080 non
550 1037 692 1106 operam
717 1015 852 1084 dedisse
881 1024 921 1084 ut
950 1016 1105 1085 ecclesiis
1131 1016 1254 1083 Valen-

137 1120 231 1186 cenis
259 1119 473 1210 presbyteros
502 1120 668 1189 honestos
700 1128 734 1189 et
763 1122 881 1191 doctos
917 1125 1105 1216 praeficeret
1126 1122 1146 1191 .⁸
1162 1122 1256 1204 Quot

137 1232 254 1295 autem
271 1224 518 1317 impedimenta
534 1227 771 1297 Maximiliano
797 1230 994 1298 obstabant!

180 1333 312 1408 Primo,
330 1332 421 1423 quod
438 1356 508 1399 non
521 1335 653 1402 mirum
667 1342 729 1417 est,
741 1338 806 1428 ipsi
816 1337 1006 1429 presbyteri
1018 1335 1255 1406 Maximiliano

136 1446 343 1531 repugnant.
365 1440 489 1507 Missos
516 1441 574 1533 qui
597 1444 720 1509 saltem
744 1442 799 1512 die
829 1444 1003 1513 dominica
1032 1443 1256 1536 praedicarent

137 1546 330 1614 monachos
348 1546 526 1615 mendicos
546 1571 636 1638 aegre
662 1549 819 1617 tulerunt
840 1574 876 1618 ac
899 1553 1025 1620 frustra
1049 1550 1256 1619 Maximilia-

136 1677 202 1721 nus
215 1652 440 1745 jussitiibros
455 1653 558 1722 iatine
574 1661 608 1722 et
623 1656 746 1746 gallice
765 1658 913 1750 scriptos
930 1659 971 1728 de
987 1681 1110 1727 eorum
1126 1658 1252 1731 officio.

137 1783 205 1852 quo
224 1759 427 1851 diligentius
451 1762 691 1852 fungerentur,
722 1765 844 1832 contici
860 1767 881 1833 ⁸.
915 1765 1124 1833 Monasterio
1151 1765 1254 1832 etiam

134 1866 345 1959 jamdudum
368 1869 566 1958 perturbato
590 1870 728 1959 regulas
756 1870 876 1951 edixit,
899 1895 984 1962 quas
1010 1871 1097 1940 illud
1112 1872 1253 1962 accepit,

136 1974 195 2042 sed
212 1996 282 2041 non
297 1975 490 2042 observavit
506 1976 525 2042 ⁴.
544 1976 656 2044 Suum
672 1978 788 2069 ipsum
802 1980 995 2070 capitulum
1011 1978 1160 2047 babebat
1174 1978 1256 2044 visi-

136 2080 260 2148 tationi
285 2079 482 2162 adversum,
505 2087 539 2148 et
569 2083 704 2151 Albano
731 2085 890 2152 suadenti
913 2092 952 2153 ut
972 2088 1255 2153 (lameracensem
1353 2142 1356 2149 .

136 2188 352 2281 provinciam
367 2188 524 2256 visitaret
539 2190 717 2281 respondit
732 2214 779 2271 se,
798 2191 878 2259 licet
892 2215 962 2259 non
980 2192 1155 2260 dubitaret
1169 2191 1255 2281 quin

137 2296 397 2364 Cameracensis
422 2295 579 2364 ecclesiae
595 2299 786 2388 capitulum
806 2300 1009 2377 visitationi,
1026 2298 1257 2366 immunitatis

139 2403 295 2481 nomine,
313 2401 553 2483 intercederet,
570 2411 687 2473 tamen
709 2428 838 2474 munus
858 2430 963 2475 suum
981 2406 1257 2475 moderatissime

139 2514 387 2577 exsecuturum
402 2532 488 2592 esse,
504 2534 603 2602 spem
620 2516 736 2580 autem
756 2514 884 2582 habere
901 2515 1035 2582 Ducem
1051 2512 1118 2605 ipsi
1133 2517 1259 2600 praesto

138 2616 298 2685 futurum
313 2626 334 2686 ⁸.
352 2618 491 2685 Etenim
511 2620 715 2710 capitulum,
744 2621 835 2711 quod
862 2622 1141 2690 Maximilianum
1163 2620 1258 2687 dele-

139 2729 238 2816 gerat
252 2728 287 2792 et
302 2729 373 2791 tam
386 2725 609 2793 vehementer
633 2750 652 2794 a
675 2728 842 2796 Pontifice
861 2729 1006 2820 petierat
1026 2734 1066 2797 ut
1081 2729 1256 2796 deiectum

141 2831 395 2922 comprobaret,
413 2836 497 2900 tuno
517 2839 657 2924 propter
673 2835 877 2926 praebendas
897 2842 1000 2927 atque
1020 2836 1257 2903 immunitates

140 2939 181 3007 ab
195 2938 457 3029 archiepiscopo
473 2939 662 3009 dissidebat
679 2966 742 3010 neo
758 2943 866 3010 ullam
882 2944 1013 3033 negotii
1030 2944 1060 3010 ei
1071 2941 1259 3010 exhibendi

141 3046 361 3114 occasionem
405 3048 730 3137 praetermittebat
768 3050 911 3118 Duobus
949 3055 1027 3141 post
1068 3048 1257 3127 mensibus

142 3151 372 3220 Granvellano
388 3152 606 3222 Morillonius
623 3157 761 3247 scripsit
775 3157 1053 3225 Maximilianum
1067 3179 1164 3224 suam
1179 3155 1261 3221 visi·

143 3261 309 3327 tationem
322 3259 479 3327 nondum
495 3260 685 3352 incepisse:
701 3263 804 3340 Eum,
825 3264 949 3355 inquit,
972 3265 1071 3353 quasi
1098 3261 1260 3329 irretiunt

144 3366 286 3459 quidam
300 3366 342 3435 de
357 3366 509 3458 capitulo
533 3367 780 3460 adducuntque
801 3372 836 3438 in
863 3394 960 3462 spem
983 3369 1256 3462 compositionis,

143 3496 248 3564 quam
264 3473 467 3555 detrectant,
483 3476 724 3544 tantummodo
738 3483 777 3544 ut
793 3500 873 3545 eum
892 3478 1084 3569 producant
1099 3482 1132 3544 et
1143 3498 1258 3544 moras

144 3586 284 3649 nectant
298 3579 321 3648 ⁷.
339 3582 508 3675 Denique,
534 3605 652 3650 mense
668 3583 863 3676 insequenti
876 3584 1133 3652 Maximiiianus
1145 3585 1261 3653 decre·

173 3772 196 3823 1.
212 3772 333 3835 Correap.
349 3770 381 3820 de
390 3771 553 3834 Marpuertte
568 3773 729 3823 d'dutricde.
745 3775 788 3833 ΙΙΙ,
803 3788 827 3836 p.
844 3772 962 3823 23ῖ-238.

174 3871 197 3921 2.
213 3870 250 3923 ct.
265 3872 407 3924 Permane,
425 3869 473 3934 Op.
488 3871 536 3919 cit.
557 3871 589 3930 ΙΙ,
606 3886 630 3934 p.
645 3871 684 3921 38.

176 3970 203 4021 3.
220 3969 297 4029 Ιόἰᾱ.,
309 3968 353 4029 ΙΙΙ,
369 3967 514 4031 pumera.

175 4070 199 4119 4.
215 4068 324 4132 Papim
335 4066 428 4117 durat
439 4070 465 4116 et
479 4065 511 4115 de
527 4065 686 4127 lundanae,
701 4068 757 4129 238,
772 4084 798 4133 p.
813 4069 852 4122 to-

175 4168 198 4216 5.
214 4167 290 4227 itia,
305 4178 332 4229 p.
347 4165 386 4217 38.

174 4268 197 4316 6,
213 4266 332 4329 Gorrerp.
344 4266 380 4314 du
392 4265 465 4313 cord.
478 4265 510 4312 de
523 4265 669 4324 (truncatio,
683 4265 702 4323 Ι,
714 4281 741 4329 p.
763 4267 806 4315 163
820 4268 871 4332 (die
887 4268 916 4316 td
931 4283 1012 4317 mans.
1030 4268 1117 4317 Martii
1133 4266 1213 4319 1568).

174 4366 198 4414 ῖ.
214 4363 291 4424 ltin,
303 4364 348 4424 ΙΙΙ,
366 4378 391 4427 p.
407 4363 462 4412 2:32.
