2968 5072
239 447 298 508 156
640 461 678 507 nu
700 461 793 506 vnma
813 459 963 507 omnnem

234 610 395 688 mortem,
437 605 574 674 veniam
587 603 790 695 generalem
801 603 963 696 petendo,
990 626 1095 695 quam
1118 604 1193 696 ipso
1212 603 1368 676 marchio

231 714 331 782 vivus
342 713 500 805 petierat.

279 919 427 988 Constat
458 916 566 1010 igitur
598 940 757 1011 proceres
791 919 885 1012 apud
921 918 1204 988 Maximiliauum
1248 919 1364 1010 aliqua

236 1027 442 1096 auctoritate
457 1025 578 1093 luisse.
597 1023 822 1117 Nobilisipse
843 1025 1005 1118 idemque
1027 1024 1253 1094 Granvollani
1276 1027 1363 1094 ami-

240 1156 314 1215 cus,
333 1132 376 1201 ad
393 1129 646 1223 ignoscendum
661 1131 835 1200 haeretiois
850 1155 1042 1225 propensus
1057 1132 1221 1226 idemque
1231 1133 1363 1202 archie-

239 1242 414 1333 piscopus,
434 1238 572 1307 veniam
587 1260 649 1330 pro
666 1238 839 1308 seditiosis
853 1239 896 1308 ab
912 1240 1049 1308 Albano
1062 1246 1184 1332 petens
1199 1239 1363 1333 idemque

239 1348 281 1417 ab
296 1347 381 1440 ipsis
394 1345 570 1416 seditiosis
586 1346 622 1413 in
646 1346 883 1415 Calueraoesio
900 1353 1059 1429 vexatus,
1081 1348 1172 1415 inter
1200 1348 1363 1417 humani·

232 1458 337 1525 tatem
365 1460 399 1522 et
423 1453 613 1522 utilitatem
632 1475 732 1521 suam
750 1453 951 1533 fluctuabat,
974 1458 1008 1522 et
1032 1476 1112 1522 oum
1140 1478 1161 1522 a
1186 1455 1363 1524 seditiosis

236 1558 430 1653 Albanique
446 1560 569 1629 amicis
583 1559 797 1644 abhorreret,
814 1560 908 1651 jquid
937 1569 971 1629 et
999 1560 1118 1652 Belgio
1148 1568 1183 1630 et
1209 1563 1296 1651 Regi
1327 1569 1362 1632 et

235 1667 391 1736 ecelesia
431 1666 611 1736 catholica
648 1668 823 1760 expediret
860 1673 1062 1759 agnoverat.
1093 1668 1360 1739 Maximilianus

235 1774 343 1866 igitur
371 1773 414 1842 ad
439 1773 664 1843 elementiam
685 1773 880 1855 inelinavit,
901 1774 1095 1866 quodcum
1126 1774 1259 1846 eisdem
1286 1799 1360 1845 non

234 1887 460 1951 conversatus
475 1887 537 1960 est,
550 1881 675 1972 quibus
690 1887 725 1950 et
738 1882 893 1950 Albanus
916 1889 950 1950 et
976 1880 1121 1974 Hispani
1148 1883 1355 1967 utebantur3

233 1987 305 2072 sod,
322 1988 366 2057 ob
381 1986 514 2080 aliquot
529 1988 751 2059 dominorum
766 1988 969 2071 amicitiam,
987 2010 1111 2059 eorum
1126 1991 1226 2081 quasi
1240 1998 1357 2083 patro-

234 2119 299 2164 nus
314 2095 497 2166 videbatur
517 2096 665 2189 ideoque
699 2099 818 2167 minus
834 2096 1053 2166 auctoritatis
1081 2098 1355 2190 apudAlbanum

233 2203 378 2274 fortasse
390 2203 521 2274 habuit.

234 2737 714 2821 B.Qoou0qulx1u1nmuos
728 2761 947 2809 caussarum
961 2740 1082 2813 Bnnaio
1094 2762 1200 2808 ricuu
1209 2763 1348 2811 assumi

534 2878 632 2927 rossa
645 2881 684 2926 nu
698 2879 844 2925 ananau«
860 2879 1038 2926 rusrmoul.

275 3177 363 3246 Cum
374 3176 450 3268 jam
470 3183 592 3244 natura
613 3175 806 3246 clementiae
829 3198 981 3269 pronum
1002 3177 1281 3247 Maximiliauum
1304 3179 1346 3246 iis

231 3284 434 3378 prasertim,
451 3283 511 3376 qui
527 3282 749 3352 clementiam
771 3282 969 3367 laudabant,
986 3285 1172 3377 episeopis,
1183 3284 1346 3354 Granvel·

231 3391 310 3460 lano
321 3390 564 3484 nobilibusque
579 3412 699 3458 aurem
720 3389 933 3482 praebentem
954 3392 1120 3471 vidimus,
1148 3414 1246 3460 nuno
1268 3415 1347 3462 oon-

230 3498 456 3568 siderandum
471 3504 522 3566 est
537 3497 711 3587 quomodo
728 3498 801 3588 ipse
817 3504 851 3567 et
874 3498 1036 3568 haeresim
1059 3498 1348 3591 exstinguendam

231 3610 331 3672 eires
346 3602 502 3695 publicas
514 3601 747 3671 restituendas
769 3603 1028 3673 Maximilianus
1048 3610 1204 3673 censeret
1231 3600 1265 3673 et
1284 3629 1347 3697 pro

230 3734 294 3780 sua
307 3716 402 3802 parte
417 3709 690 3801 gubernantibus
712 3709 885 3779 suaderet.

273 3819 364 3885 Ante
376 3816 501 3884 Albani
517 3816 704 3885 adventum
731 3816 800 3885 boo
821 3822 957 3885 tantum
977 3816 1235 3885 Maximilianus
1256 3819 1348 3887 arbi·

229 3930 340 3995 tratur
363 3947 417 3992 res
443 3924 579 3992 restitui
608 3946 721 4015 posse,
761 3924 790 3990 si
818 3924 1002 4018 Philippus
1041 3948 1101 3993 rex
1125 3923 1162 3992 in
1187 3925 1349 4016 Belgium

229 4032 360 4101 veniat.
378 4030 466 4098 Eum
482 4029 576 4100 enim
592 4029 753 4123 sperabat
770 4031 895 4101 melius
917 4031 954 4099 in
970 4030 1090 4122 Belgio
1108 4030 1348 4122 judicaturum

230 4162 306 4209 esse
330 4135 506 4230 quomodo
535 4159 572 4205 se
597 4158 653 4205 res
681 4136 859 4220 haberant,
892 4161 973 4206 oum
1001 4161 1072 4207 non
1100 4142 1237 4208 tantum
1266 4161 1348 4209 suos

230 4245 409 4316 ministros
426 4248 487 4313 aut
503 4242 648 4335 legatos,
666 4242 725 4336 qui
740 4244 885 4313 forsitan
898 4248 1032 4337 partem
1051 4268 1168 4314 rerum
1183 4245 1345 4325 celarent,

229 4354 304 4444 jam
321 4352 502 4420 auditums
519 4359 626 4427 esset;
642 4350 781 4419 facilius
808 4374 863 4421 res
891 4351 1152 4444 tranquilliores
1172 4353 1349 4424 fauturum
