2958 5076
217 440 277 503 ssa
605 455 645 500 ou
666 455 759 501 vrum
781 453 928 501 canaam

217 606 315 671 erant
341 583 554 692 principum,
594 622 672 691 quae
703 591 808 693 supra
841 598 1055 680 rettulimus,
1096 598 1139 668 de
1175 599 1332 690 eligendo

216 711 458 778 Romanorum
475 729 555 799 rege
572 707 698 776 verba:
724 707 816 790 Quid
837 708 911 776 lore
935 706 965 775 si
988 705 1080 800 apud
1111 704 1232 775 Gallos
1259 730 1335 776 eum

216 817 441 908 quaererent?
470 815 520 883 sic
549 812 731 883 Gallorum
754 837 876 905 regem
911 814 1133 884 Germaniam
1167 815 1333 906 primum,

217 946 299 992 mox
326 921 485 1014 Belgium
520 928 773 1014 occupaturum
806 945 891 1002 esse,
930 919 1060 1015 populo
1098 921 1149 989 ibi
1184 922 1336 990 mitiores
1449 930 1450 933 ’

218 1029 379 1100 dominos
391 1029 637 1117 undecumque
653 1032 823 1098 vocante.
1055 1038 1056 1041 ’

261 1138 339 1207 Non
356 1138 446 1230 {ugit
459 1136 665 1229 Philippum
684 1135 727 1204 ab
748 1137 962 1229 Imperatore
978 1136 1090 1229 Belgii
1111 1134 1336 1205 administra-

216 1246 348 1315 tionem
369 1266 431 1337 pro
454 1244 602 1313 fratrum
620 1266 693 1312 uno
715 1243 766 1311 sic
779 1242 961 1336 postulari.
981 1244 1160 1313 Nuntiatis
1174 1244 1279 1312 rebus
1296 1243 1335 1312 ah

216 1353 353 1422 Albano
367 1373 531 1444 prospere
546 1350 664 1442 gestis,
673 1349 716 1417 ad
728 1372 907 1419 summum
920 1349 1063 1418 demum
1077 1349 1336 1442 responditBel-

217 1460 314 1553 glum
329 1457 474 1528 minime
494 1479 537 1526 ex
551 1457 704 1549 Imperio
719 1456 885 1549 pendere;
903 1480 939 1525 se
954 1480 1026 1526 non
1044 1480 1145 1549 posse
1161 1457 1337 1526 Albanum

217 1567 387 1636 victorem
411 1587 451 1634 eo
473 1586 634 1633 revocare
658 1567 910 1657 temporaque
937 1565 1091 1633 haeretici
1117 1565 1154 1632 in
1177 1565 1336 1655 Belgium

218 1673 384 1767 irrupturi
401 1671 619 1741 viderentur:
636 1675 789 1740 ceterum
804 1693 840 1740 se
854 1694 1036 1765 nunquam
1051 1677 1200 1740 armatas
1219 1694 1336 1763 preces

217 1781 392 1850 audivisse
409 1785 431 1848 ⁸.
455 1779 526 1848 Sub
546 1778 652 1847 linem
675 1801 745 1847 non
771 1778 914 1848 deerant
934 1779 1054 1848 mina:
1084 1803 1103 1846 c
1129 1779 1231 1862 Quod
1255 1779 1337 1848 siin

218 1887 393 1981 Hispaniae
408 1908 527 1978 regem
547 1887 750 1978 conspirent
763 1908 858 1955 arma
873 1887 1079 1970 Germania,
1100 1892 1134 1955 et
1153 1887 1246 1955 vires
1266 1908 1337 1956 esse

218 1996 381 2088 Philippo
397 2000 431 2062 et
447 1993 585 2076 ducam,
607 1993 667 2085 qui
683 2016 755 2062 non
770 1994 879 2063 semel
896 1995 938 2064 de
956 1995 1032 2085 ejus
1049 1995 1206 2087 potentia
1217 1995 1336 2062 trium·

217 2103 379 2195 phaverit
397 2107 420 2169 ⁸.
446 2125 465 2168 ›
488 2100 542 2169 Ah
562 2099 696 2169 Albano
715 2123 854 2194 quoque
875 2100 1010 2193 legatie,
1035 2124 1123 2193 quos
1144 2101 1337 2192 Imperator

218 2209 398 2279 Bruxellas
419 2209 575 2291 miserat,
596 2230 803 2301 responsum
823 2214 885 2287 est,
916 2209 984 2277 sihi
1008 2207 1099 2277 nihil
1124 2209 1336 2279 auctoritatis

219 2317 368 2386 essenisi
377 2323 418 2385 ut
427 2316 504 2385 orbi
516 2321 688 2385 terrarum
698 2315 896 2385 ostenderet
906 2315 1092 2407 Belgarum
1101 2316 1212 2387 vitam
1222 2338 1336 2409 regem

218 2447 323 2518 penes
337 2446 424 2505 esse,
442 2446 478 2492 se
491 2445 596 2515 penes
610 2423 794 2492 victoriam
809 2430 830 2492 ⁴.
909 2412 910 2417 ἵ

264 2532 389 2600 Postea
409 2530 530 2599 eadem
545 2530 709 2623 Hispanis
723 2552 822 2599 mens
839 2529 1004 2600 adversus
1021 2531 1206 2602 iterantem
1222 2536 1337 2624 postu·

220 2638 366 2708 lationes
382 2637 605 2707 Germaniam
620 2640 644 2718 ⁶,
662 2637 711 2705 ita
729 2642 769 2706 ut
790 2637 880 2706 nihil
900 2661 942 2707 ex
960 2637 1003 2706 iis
1024 2638 1067 2706 ad
1088 2639 1228 2710 veniam
1250 2639 1337 2708 ohti-

221 2746 373 2814 nendam
397 2745 581 2837 profuerit,
603 2745 669 2814 etsi
697 2743 882 2838 Philippus
907 2744 1041 2814 Albano
1068 2747 1177 2815 semel
1203 2746 1339 2838 scripsit

221 2875 297 2922 eam
319 2850 587 2936 concedendam,
608 2860 648 2921 ut
665 2851 886 2944 placarentur
914 2852 1089 2936 Germani,
1109 2854 1170 2945 qui
1194 2853 1338 2924 arbitra·

221 2964 340 3029 rentur
356 2981 437 3029 eum
453 2959 542 3028 velle
556 2959 680 3051 Belgas
693 2961 844 3029 fortunis
871 2965 1024 3030 evertere
1035 2983 1162 3053 easque
1176 2960 1338 3053 Hispanis
1449 3014 1450 3027 ,

220 3067 355 3137 tradere
373 3069 397 3134 ⁶.

267 3175 413 3244 Gravior
426 3175 536 3244 videri
565 3179 701 3267 poterat
716 3176 902 3244 auctoritas
929 3176 1026 3245 vocis
1056 3175 1192 3245 emissae
1209 3177 1336 3246 Roma:

222 3306 298 3375 quae
317 3289 434 3351 temen
453 3282 552 3351 irrita
571 3304 710 3374 quoque
728 3283 806 3351 luit.
830 3283 914 3365 Pius
935 3283 1031 3376 Papa
1056 3283 1219 3366 Quintus
1239 3305 1339 3376 quem

222 3412 316 3458 nunc
335 3387 492 3458 Ecclesia
515 3390 607 3457 sicut
625 3392 783 3457 sanctum
800 3396 1000 3474 veneratur,
1017 3390 1137 3462 Asculi
1163 3391 1336 3488 episcopo,

254 3577 278 3630 l.
301 3576 376 3628 Gerr.
392 3576 424 3627 de
439 3575 559 3642 Philippa
568 3578 605 3638 11,
620 3577 652 3638 ΙΙ,
665 3591 692 3642 p.
702 3576 785 3627 4344.

252 3677 277 3729 2.
294 3676 363 3726 aar.
380 3675 412 3726 de
423 3674 579 3727 Perdiaaad
591 3675 705 3726 Alvarez
721 3676 754 3726 de
768 3675 868 3740 rottae,
878 3679 926 3742 Op.
940 3678 997 3739 cit,
1012 3681 1031 3729 t.
1046 3677 1079 3741 ΙΙ,
1090 3692 1117 3742 p.
1128 3677 1249 3730 aas-290.

253 3775 278 3826 3.
294 3774 461 3825 Fordinandi
472 3773 592 3824 Toletani
604 3773 679 3824 Alba
692 3774 768 3825 dacia
783 3775 839 3825 vila
852 3778 879 3826 et
892 3791 936 3827 rer
948 3779 1037 3843 pcata,
1052 3775 1171 3830 Aethere
1180 3777 1212 3829 P.
1225 3776 1339 3828 Antonio

225 3856 330 3908 Ostorio
343 3853 542 3913 salamantica,
555 3853 626 3915 1669,
635 3869 661 3919 p.
679 3854 793 3907 tao-262.
825 3862 826 3865 ’

254 3958 278 4006 l.
294 3952 363 4004 aar.
375 3952 408 4002 de
422 3951 581 4003 Ferdiaand
597 3953 719 4017 Alvarez,
735 3958 794 4016 etc,
814 3958 832 4004 t.
853 3954 885 4017 ΙΙ,
900 3970 926 4020 p.
942 3956 998 4006 290.
1015 3984 1043 3994 -
1053 3955 1195 4018 Marenen,
1210 3957 1280 4008 Hirr.
1297 3955 1339 4005 des

222 4032 423 4099 Papa-Baalih.
435 4031 480 4093 ΙΙΙ,
495 4047 520 4097 p.
531 4031 571 4084 65.
582 4033 695 4085 -Corc,
705 4034 870 4100 dePhilt'ppe
880 4038 917 4100 11,
928 4042 946 4088 t.
962 4037 996 4098 ΙΙ,
1008 4051 1034 4100 p.
1044 4035 1175 4098 444548,
1190 4037 1263 4100 54,55
1275 4050 1337 4102 sqa,

195 4184 199 4191 ⁴
223 4116 437 4256 595lqllllrrrcnaa,
453 4192 497 4256 III,
511 4206 538 4256 p.
551 4191 592 4244 65.

254 4294 369 4427 6ἑο63ἷν.
392 4293 425 4343 dc
442 4291 562 4357 Philippa
585 4292 620 4352 ll,
645 4296 664 4343 t.
685 4293 717 4354 ΙΙ,
739 4308 766 4358 p,
788 4292 829 4343 63.
844 4320 876 4333 -
894 4296 932 4348 Cf.
960 4297 1035 4349 Gerr.
1057 4297 1088 4346 de
1113 4296 1260 4357 Graaualle,
1289 4296 1329 4357 IV,

224 4389 249 4437 p.
345 4409 351 4422 .
