2968 5072
288 392 349 456 1³0
646 374 651 383 ⁴
686 406 835 455 urrann
858 404 1008 457 summu

284 551 467 621 adfuturus
482 556 584 649 esset,
598 553 792 645 Rythovius
811 552 991 623 Bruxellas
1011 554 1209 636 arcessitus,
1228 550 1396 623 Albanum

282 659 475 728 obsecravit
506 665 545 727 ut
574 660 652 751 ejus
687 660 909 730 misereretur
941 670 1001 729 aut
1033 659 1157 730 saltem
1189 661 1394 754 supplicium

284 766 449 836 differret.
478 765 558 835 Dux
586 772 703 836 autem
717 768 837 836 abnuit
851 775 918 836 et«
944 790 1049 837 cruor
1069 770 1226 860 percussi
1258 770 1394 860 aspersit

282 877 401 965 togam
431 873 597 966 episcopi*
622 898 654 941 ›.
683 873 746 943 Die
777 875 798 942 9
821 875 952 944 mensis
970 875 1076 968 junii,
1098 876 1184 966 Regi
1207 876 1393 968 Rythovius

281 980 419 1073 scripsit
428 978 604 1072 quomodo
620 980 828 1074 Egmontius
842 981 1040 1075 supplicum
1055 982 1232 1073 subiisset,
1249 1007 1267 1049 s
1284 1006 1392 1052 coram

280 1088 413 1180 ingenti
427 1087 651 1156 multitudine
663 1087 846 1157 hominum
859 1089 1074 1181 gementium
1089 1094 1124 1158 et
1139 1089 1354 1182 plorantium
1364 1116 1391 1173 s,

278 1197 379 1288 eique
405 1196 584 1288 Egmontii
616 1194 749 1264 litteras
783 1195 924 1264 tradidit
956 1201 990 1265 et
1022 1195 1166 1265 viduam
1200 1195 1391 1290 liberosque

278 1303 561 1373 commendavit'.

322 1410 514 1503 Rythovius
529 1431 600 1478 non
615 1410 751 1479 Albano
766 1413 882 1479 totum
893 1432 928 1478 se
938 1409 1093 1479 dederat.
1108 1410 1198 1480 Cum
1208 1435 1301 1481 anno
1314 1416 1390 1482 {570

275 1518 433 1586 Albanus
460 1518 582 1610 primae
611 1517 744 1610 synodo
772 1515 991 1610 provinciali,
1025 1515 1223 1586 Mechliniae
1254 1519 1388 1596 habita,

275 1625 440 1693 interesse
452 1622 576 1708 voluit,
594 1624 801 1716 Rythovius,
812 1623 872 1716 qui
886 1629 982 1707 tunc,
998 1623 1136 1693 absente
1151 1625 1388 1703 Granvellano‚

275 1731 424 1802 coneilio
440 1737 599 1824 praeerat,
609 1753 692 1799 suos
708 1730 860 1821 collegas
876 1731 1034 1799 hortatus
1051 1736 1102 1799 est
1116 1737 1168 1813 ut,
1178 1732 1345 1817 hocnovo
1361 1738 1391 1800 et

274 1840 328 1907 his
342 1838 542 1931 regionibus
557 1839 699 1906 insolito
715 1838 885 1930 exemplo,
904 1838 1026 1930 synodi
1042 1838 1239 1906 libertatem
1261 1844 1295 1908 et
1314 1863 1388 1908 auc-

273 1944 449 2014 toritatem
473 1950 593 2014 contra
615 1966 763 2012 canones
785 1967 857 2013 non
873 1967 973 2037 posse
992 1967 1065 2013 non
1088 1946 1253 2037 restringi
1278 1946 1389 2015 decla-

274 2059 402 2123 rarent.
419 2053 554 2121 Albano
570 2052 690 2120 Patres
706 2051 830 2143 synodi
845 2052 1098 2120 nuntiaverunt
1112 2052 1189 2144 ejus
1210 2053 1388 2146 epistotam

273 2183 390 2230 coram
407 2160 570 2229 omnibus
586 2181 656 2226 uon
679 2144 860 2227 recitatam
887 2181 975 2242 esse,
1004 2183 1022 2225 s
1048 2158 1091 2227 ob
1116 2160 1387 2250 perturbationes

273 2274 307 2337 et
330 2268 537 2337 offensiones
567 2288 644 2357 qua
678 2289 718 2334 ex
749 2266 888 2358 publica
920 2266 1123 2334 recitatione
1159 2268 1388 2336 verisimiliter

273 2383 357 2446 ortae
369 2373 538 2443 fuissent.
558 2403 577 2436 »
593 2373 707 2456 Quam
724 2373 898 2441 constanti
914 2374 1018 2441 etiam
1037 2374 1155 2442 animo
1171 2373 1318 2443 decimae
1332 2375 1387 2442 tri·

272 2484 397 2552 butum
412 2489 445 2552 ct
460 2480 631 2574 supplicia
645 2479 849 2572 deprecatus
873 2484 941 2549 est!
964 2480 1052 2548 Duci
1072 2482 1138 2573 ipsi
1161 2481 1313 2575 scripsit,
1333 2483 1385 2575 qui
1461 2502 1462 2527 ¹

272 2589 406 2659 nullam
435 2588 531 2657 illius
551 2588 709 2680 epistolae
724 2588 895 2656 rationem
910 2587 1058 2656 habaiu.
1083 2589 1181 2657 Tunc
1211 2589 1387 2659 Bruxciias
1459 2666 1460 2695 ,

273 2720 355 2767 cum
384 2697 545 2790 episcopo
574 2694 792 2763 Gandavensi
807 2700 841 2762 et
853 2694 1027 2784 Brugensi
1040 2696 1118 2773 ivit,
1149 2696 1210 2764 sed
1242 2699 1384 2772 frustra3

272 2807 388 2897 itaque
415 2802 502 2895 Regi
529 2802 683 2894 primum
711 2825 791 2870 cum
820 2800 972 2884 iisdem⁵,
1002 2801 1126 2871 deinde
1152 2803 1281 2905 iterum
1314 2825 1388 2873 cnm

271 2911 481 2982 Richardoto
521 2915 556 2979 et
594 2907 805 2978 Lentaillaro
849 2909 1011 3001 scripsit⁰.
1051 2909 1248 3002 Rythovius
1289 2912 1388 3003 igitur

272 3018 434 3115 Hispanis
450 3024 629 3109 suspectus
643 3018 757 3085 factus
773 3022 855 3093 est⁷3
871 3016 930 3085 sed
945 3038 1025 3085 eum
1039 3016 1236 3087 clementiae
1259 3022 1386 3089 socium

274 3127 533 3199 Maximilianus
547 3148 567 3193 a
582 3122 703 3215 Bergis
719 3122 853 3192 hebuit.

255 3236 257 3239 ’
317 3238 421 3305 Juxta
435 3231 685 3301 Richardotum
702 3235 736 3299 et
755 3230 981 3322 Rythovium,
1007 3230 1189 3301 Cornelius
1207 3232 1385 3304 Jansenius

275 3348 473 3412 memoratu
488 3339 613 3431 dignus
642 3343 705 3406 est.
719 3337 788 3406 Vix
802 3360 857 3406 res
872 3337 1027 3428 publicas
1043 3338 1178 3429 attigit:
1207 3341 1277 3409 fuit
1307 3366 1388 3435 pre-

235 3472 242 3483 ·
275 3450 395 3519 sertim
410 3449 593 3541 episcopus
609 3443 767 3514 doctrina
791 3448 825 3512 et
838 3445 967 3514 virtute
979 3444 1125 3538 insignis
1140 3453 1187 3530 et,
1204 3454 1244 3515 ut
1257 3449 1304 3517 ait
1319 3450 1384 3517 Mo-

201 3578 204 3589 ’
274 3556 447 3638 rilionius,
471 3579 490 3621 c
514 3552 663 3644 simplex
688 3556 723 3620 et
733 3556 848 3620 rectus
872 3577 904 3619 2».
923 3552 963 3620 ln
978 3553 1189 3629 Lovaniensi
1202 3555 1383 3625 Academia

259 3748 265 3757 ·
306 3735 330 3786 1.
345 3735 412 3785 snt.
428 3730 479 3796 Ep.
495 3733 567 3796 Ypr„
578 3744 604 3795 p.
620 3729 677 3783 121.

303 3835 329 3885 2.
346 3832 467 3894 Gorresp.
481 3832 514 3880 de
528 3827 655 3893 Philipps
666 3828 701 3890 11,
716 3831 735 3878 t.
751 3828 784 3890 11,
799 3842 825 3892 p.
838 3826 878 3877 30.

307 3931 331 3982 3.
345 3934 410 3997 Syn.
424 3929 505 3993 Bclp,
521 3928 541 3989 I,
556 3940 582 3991 p.
597 3926 638 3977 69.

306 4033 332 4081 t.
348 4028 468 4092 corrup*
482 4026 514 4077 rte
528 4023 656 4089 Philipps
667 4024 703 4085 11,
717 4027 736 4074 t.
750 4022 783 4086 11,
797 4037 823 4087 p.
838 4022 894 4075 204.

303 4128 329 4180 c.
346 4125 423 4188 lttd„
434 4139 460 4190 p.
474 4124 533 4177 236.

304 4226 329 4279 6.
344 4224 422 4287 rosc,
437 4237 462 4288 p.
478 4222 536 4273 358.

308 4324 332 4377 ’1.
348 4324 471 4387 concap.
486 4321 521 4372 de
535 4320 683 4383 erasmo,
698 4320 743 4384 111,
758 4333 784 4383 p.
799 4318 854 4370 445.
