2968 5072
230 356 289 419 160
632 368 670 415 ns
693 368 785 415 raus
807 368 955 416 usaamu

234 534 338 605 quam
353 532 512 603 proceres
525 510 584 603 qui
597 510 834 604 Trudoncpoli
851 511 1029 583 dixerant:
1047 512 1190 585 Utinam
1204 511 1350 580 hucRex

233 618 365 695 redeat,
381 619 470 686 utin
484 641 609 686 manus
625 623 763 686 nostras
779 618 909 699 incidat
923 623 948 686 ‘l

276 725 452 807 Attamen,
476 748 558 793 cum
572 726 850 794 Cameracesium
866 726 983 817 ipsum
995 725 1036 794 ab
1050 726 1224 794 haereticis
1236 726 1349 795 turba·

170 842 196 889 ὀ
234 837 341 917 retur,
374 837 409 901 et
434 831 686 901 Valeneenates
713 833 915 923 praesidium
942 857 963 901 a
985 834 1170 924 Margarita
1206 833 1349 902 missum

236 939 391 1032 accipere
420 938 576 1008 nolentes
604 961 666 1030 pro
702 939 806 1031 Regis
834 963 873 1007 ae
904 941 1022 1032 patriae
1048 941 1209 1029 hostibus
1234 939 1351 1008 haberi,

237 1047 374 1116 ducissa
386 1046 561 1138 jussisset,
575 1045 662 1136 Regi
678 1070 797 1114 rursus
814 1046 1077 1116 Maximilianus
1092 1048 1246 1116 confisus
1259 1054 1309 1115 est
1320 1050 1351 1113 et

238 1154 468 1224 Granvellano
483 1154 622 1246 scripsit
634 1153 827 1222 secundum
844 1154 969 1233 Deum,
987 1154 1127 1222 nullum
1141 1153 1352 1223 aliudreme

237 1262 335 1330 dium
359 1284 434 1330 esse
445 1265 550 1351 atque
561 1262 702 1351 Regem,
720 1261 749 1328 si
764 1261 960 1329 remedium
972 1267 1078 1344 esset3
1092 1262 1210 1353 itaque
1225 1262 1351 1352 Regem

238 1369 397 1461 precibus
411 1367 639 1459 fatigandum,
657 1372 697 1435 ut
711 1366 772 1434 ille
785 1367 906 1435 saltem
918 1367 1149 1436 Mediolanum
1166 1391 1250 1435 mox
1261 1368 1352 1436 veni-

238 1486 291 1545 ret
302 1474 324 1544 ¹.
343 1476 551 1565 Quanquam
566 1474 702 1542 Albano
722 1497 802 1542 cum
822 1475 997 1543 militibus
1009 1480 1156 1543 venturo
1171 1498 1255 1543 mox
1269 1497 1353 1565 gau-

238 1583 353 1665 debat,
371 1582 496 1650 cumis
512 1582 789 1651 Cameracesium
805 1581 896 1649 tueri
915 1605 1017 1674 posse
1031 1582 1222 1666 videretur,
1240 1603 1352 1671 regem

239 1696 357 1759 tamen
368 1688 484 1781 ipsum
499 1711 635 1780 semper
647 1687 820 1781 appellat:
850 1689 957 1771 Deus,
977 1689 1036 1769 ait,
1062 1711 1140 1757 eam
1155 1689 1244 1780 Regi
1264 1711 1353 1756 men-

238 1805 310 1867 tem
325 1796 384 1866 det
397 1801 438 1864 ut
449 1796 607 1863 festinet!
624 1817 706 1863 nam
719 1796 796 1874 etsi,
814 1795 923 1887 copiis
937 1818 1024 1886 quas
1044 1795 1186 1864 adducit
1201 1796 1353 1864 Albanus

240 1903 497 1996 adjuvantibus,
512 1903 672 1970 resistere
696 1903 872 1995 paulisper
896 1904 1099 1995 poterimus,
1127 1909 1260 1994 postea,
1278 1925 1353 1970 cum

240 2012 309 2081 illae
325 2010 435 2103 copia
451 2009 608 2101 sumptui
620 2009 720 2078 nobis
749 2011 877 2078 luturae
895 2011 976 2093 sint,
994 2010 1151 2079 haeretici
1181 2033 1246 2078 nos
1271 2009 1355 2078 iaci-

239 2120 307 2189 lius
324 2118 539 2210 superabunt
552 2114 575 2186 ⁸.

284 2227 374 2295 Ante
399 2247 531 2292 annum
554 2226 654 2306 1567,
677 2225 818 2293 nullum
845 2225 940 2294 aliud
961 2226 1143 2295 turbarum
1165 2225 1355 2293 remedium

239 2332 500 2405 Maximilianus
514 2331 653 2400 videtur
667 2337 785 2423 optare
798 2356 836 2401 ac
854 2334 959 2424 Regis
974 2332 1176 2401 adventum.
1195 2332 1355 2401 Granvcl-

241 2440 321 2513 lano
336 2439 478 2531 quidem
494 2438 712 2539 Morillonins
727 2439 782 2507 die
798 2444 817 2511 'l
834 2442 964 2508 mensis
976 2439 1058 2532 julii
1077 2442 1163 2509 1566
1193 2440 1353 2531 scripsit:

239 2548 381 2619 Utinam
396 2545 612 2614 difficillimis
630 2545 685 2613 his
699 2547 913 2638 temporibus
927 2547 1211 2639 archiepiscopus
1234 2548 1356 2616 Came-

242 2653 394 2722 racensis
408 2651 610 2744 profiteatur
625 2675 691 2743 quc
707 2653 812 2721 modo
835 2661 960 2723 cuncta
975 2655 1088 2746 pacari
1104 2677 1206 2746 posse
1217 2653 1356 2722 arbitre-

241 2767 299 2829 tur
313 2767 348 2828 et
362 2758 504 2827 audiant
519 2758 784 2853 intelligantque
804 2761 961 2853 Hispani,
988 2784 1067 2830 cum
1088 2784 1231 2831 necesse
1255 2762 1301 2828 sit
1323 2765 1357 2828 ut

243 2890 365 2936 omnes
393 2865 599 2958 periclitanti
628 2867 830 2959 reipublicae
847 2875 1061 2938 succurrant⁴
1077 2894 1084 2945 ;
1100 2869 1357 2938 Maximilianus

242 2980 360 3046 autem
384 2971 582 3043 Morillonio
608 2978 686 3043 octo
715 2982 793 3043 ante
830 2976 1008 3046 mensibus
1037 2976 1171 3045 dixerat
1209 2998 1247 3047 sc
1276 2972 1357 3065 Regi

244 3082 422 3173 scripsisse
439 3080 613 3170 quomedo
629 3103 683 3148 res
698 3082 921 3151 restituenda
938 3092 1075 3175 essent„
1300 3118 1309 3149 ι

287 3188 373 3271 Quis
388 3192 506 3255 cutem
521 3187 660 3256 iuturus
674 3193 765 3256 esset
779 3190 883 3280 Regis
897 3191 1035 3258 venturi
1050 3195 1235 3281 apparatus
1249 3189 1356 3257 incer·

244 3302 321 3395 tum
338 3302 422 3363 erat.
439 3293 704 3375 Granvellanus‚
731 3296 924 3387 Margarita,
948 3295 1221 3375 Maximilianus,
1245 3294 1358 3364 Moril-

159 3476 164 3487 ,
244 3401 360 3473 lanius
389 3400 519 3493 aliique
546 3401 691 3469 orabant
719 3409 757 3470 nt
789 3409 954 3493 tanquam
986 3404 1172 3495 Belgarum
1199 3404 1356 3494 princeps

244 3509 380 3579 veniret
393 3513 427 3576 et
441 3508 489 3575 ita
505 3529 586 3598 erga
602 3508 723 3600 Belgas
739 3508 915 3579 animatus
934 3518 971 3580 ut
992 3511 1236 3579 auctoritatem
1261 3532 1357 3578 suam

244 3615 404 3707 benignis
420 3614 577 3683 consiliis
596 3615 821 3691 restitueret³;
845 3616 908 3685 alii
929 3625 1070 3686 uicum
1091 3616 1267 3686 militibus
1288 3618 1356 3686 his·

244 3723 343 3817 panis
356 3722 517 3813 Belgium
531 3724 638 3790 armis
655 3723 752 3813 quasi
766 3723 957 3808 invaderet,
981 3748 1088 3816 quam
1111 3725 1183 3794 vim
1208 3724 1234 3791 ii
1262 3725 1356 3792 time·

272 3884 296 3933 l.
309 3883 418 3933 Knavra
434 3895 467 3932 na
483 3880 669 3943 Lmrnunovn,
683 3883 729 3944 op.
743 3884 804 3944 cit,
818 3882 839 3947 1,
851 3897 877 3947 p.
891 3884 947 3935 347.

272 3981 297 4033 2.
316 3980 437 4045 cmueap.
452 3979 485 4030 dc
500 3979 649 4042 &sabella
662 3980 694 4041 11,
707 3995 732 4043 p.
747 3980 763 4030 2
777 3983 803 4032 et
816 3981 927 4053 204305.

274 4081 299 4131 3.
318 4077 756 4141 caccaviaamasrma,c1x.
772 4093 797 4143 p.
813 4079 894 4130 4748.

274 4176 299 4228 4.
314 4177 389 4227 Gerr.
399 4176 433 4226 de
448 4172 596 4238 Oramus,
611 4175 632 4238 1,
648 4190 675 4240 p.
689 4175 747 4229 521.

275 4274 291 4324 5
315 4273 384 4326 ibid.
401 4274 421 4335 Ι,
435 4288 461 4339 p.
476 4271 532 4324 265.
