2958 5076
257 446 444 492 cunvuuuus
466 446 603 492 cosmum
626 443 849 493 cuuuauonnsrs
871 444 1072 491 orrruuumus
1183 434 1222 491 99

149 605 430 675 Maximilianum
445 606 696 697 reprehendere
718 610 788 674 non
810 607 1007 698 aggredior,
1025 609 1116 697 quod
1143 609 1226 676 Phi-

103 713 202 805 lippo
231 713 399 806 alterique
431 713 648 806 praedioatori
680 737 751 783 non
786 715 934 804 ignovit,
960 716 1032 804 qui,
1064 717 1227 783 manibus

105 821 310 911 amputatis
327 822 459 890 infelici
473 821 588 890 arbori
602 822 760 912 suspensi
784 827 876 903 sunt,
895 827 929 888 et
943 822 1098 889 Antonio
1128 824 1226 913 Step-

105 950 206 1018 penS,
223 927 323 1018 cujus
336 929 531 995 constantia
546 951 664 996 coram
676 926 869 1019 judicibus,
892 950 998 1018 quam
1016 952 1109 996 nunc
1125 930 1230 996 miro-

106 1058 201 1114 mur,
217 1058 289 1102 uon
301 1059 341 1102 eo
357 1041 513 1126 tempore
529 1036 832 1127 archiepiscopum
842 1034 885 1101 ad
894 1035 1098 1124 ignoscendi
1109 1037 1231 1104 volun-

109 1148 219 1210 tatem
248 1141 417 1211 deducere
446 1144 570 1233 potuit.
604 1143 701 1209 Dixit
730 1143 825 1209 enim
856 1143 1032 1209 Antonius
1063 1146 1233 1234 Steppens

109 1249 299 1342 imperium
330 1248 562 1316 Maximiliani
582 1249 661 1317 ideo
678 1272 713 1316 se
739 1248 997 1327 detrectavisse,
1027 1240 1119 1339 quod
1159 1249 1231 1317 Deo

109 1357 354 1449 potiusquam
377 1356 578 1424 hominibus
597 1353 718 1448 parere
743 1355 944 1423 conveniret
968 1361 1002 1423 et
1025 1355 1119 1447 leges
1141 1379 1237 1424 secu-

110 1470 188 1531 tum
207 1485 281 1531 esse
295 1486 315 1529 a
331 1461 542 1531 Calviuiauis
556 1462 666 1541 datas,
683 1461 774 1551 quod
791 1462 1071 1554 presbyterorum
1087 1463 1237 1531 catholi-

112 1593 237 1640 corum
264 1568 402 1660 legibus
428 1576 543 1637 essent
572 1569 734 1636 meliores
764 1575 797 1636 et
830 1568 996 1660 praeclaro
1025 1571 1238 1638 conscientia

114 1700 253 1770 semper
264 1677 454 1744 sustentari
469 1676 584 1746 vellet.
609 1675 730 1767 Neque
756 1675 827 1742 illis
849 1677 989 1744 veniam
1019 1676 1099 1745 dere
1130 1678 1240 1745 Maxi-

114 1784 283 1853 milianus
299 1785 412 1875 potuit
436 1785 496 1873 qui
524 1785 648 1850 armati
672 1783 879 1874 deprehensi
904 1788 1013 1865 erant,
1035 1807 1107 1851 nou
1134 1785 1239 1853 modo

115 1891 208 1982 quod
222 1890 477 1982 archiepiscopi
492 1889 641 1958 decretis
664 1913 735 1957 non
758 1897 955 1982 paruerant,
973 1893 1031 1980 qni
1054 1890 1134 1959 illos
1156 1915 1242 1983 pree·

116 1997 351 2067 dicationibus
364 2003 424 2064 aut
439 1997 668 2065 conventibus
684 1997 970 2066 Calviuiauorum
986 1996 1106 2066 adesse
1121 2005 1241 2067 vetue-

117 2111 183 2187 rat,
202 2104 263 2172 sed
288 2106 395 2172 etiam
424 2104 516 2194 quod
543 2105 575 2171 vi
603 2104 639 2171 in
665 2104 946 2172 Maximilianum
971 2104 1237 2177 rebellaverant.

118 2212 415 2304 Archiepiscopus
444 2213 553 2300 igitur
582 2234 653 2278 non
681 2210 839 2302 pluribus
865 2211 1013 2302 ignovit,
1046 2211 1138 2301 quod
1168 2215 1239 2281 fere

119 2319 310 2389 Castellum
323 2319 488 2387 amiserat
501 2323 534 2385 et
552 2317 735 2386 hereticos
755 2317 979 2386 arebellioue
1003 2317 1038 2384 in
1058 2326 1238 2410 posterum

119 2427 293 2497 deterrere
308 2426 432 2494 voluit.
979 2412 983 2419 ’

164 2535 204 2603 ln
231 2555 382 2613 summa,
410 2531 670 2601 Maximilianus
698 2531 901 2599 haereticam
936 2539 1069 2624 pestem
1100 2533 1239 2601 Castelli

120 2641 289 2722 abolevit,
296 2663 349 2723 ac,
358 2662 401 2707 ne
414 2639 552 2731 quando
567 2640 603 2706 in
618 2638 740 2706 urbem
754 2661 794 2706 ea
808 2661 930 2708 rursus
943 2640 1118 2731 irreperet,
1128 2640 1240 2709 civem

122 2769 298 2843 quemque
320 2750 437 2837 jurare
454 2745 561 2837 jussit
586 2768 621 2813 se
646 2744 804 2814 ecclesiae
824 2746 1017 2824 catholica,
1039 2749 1240 2838 apostolicae

122 2881 161 2925 ac
183 2877 341 2924 romonae
363 2852 584 2944 dogmatibus
608 2850 825 2944 decretisque
860 2853 1087 2936 crediturum,
1118 2855 1240 2923 infide

123 2961 378 3053 archiepiscopi
417 2960 687 3039 Cameracensis,
725 2960 892 3050 principis
932 2961 1050 3028 Sancti
1084 2961 1239 3053 Imperii,

123 3070 265 3141 comitis
288 3067 516 3135 Cameracesii
541 3088 806 3158 permansurum
833 3050 1089 3159 castellanoque
1111 3068 1242 3135 archie-

123 3175 259 3270 piscopi
277 3173 394 3242 locum
408 3173 540 3241 tenenti
561 3179 595 3240 et
617 3173 878 3260 magistratibus
900 3173 1054 3241 civitatis
1079 3174 1242 3242 obedien·

123 3292 196 3353 tem
210 3283 305 3351 dicto
320 3283 478 3347 uturum
494 3288 515 3347 ¹.

169 3390 272 3460 Circa
300 3386 487 3457 Castellum
515 3393 635 3477 postea
658 3387 748 3454 inter
776 3387 960 3455 haereticos
989 3393 1023 3453 et
1052 3388 1244 3457 catholicos

124 3520 255 3591 pugnae
271 3497 424 3563 luerunt.
439 3494 536 3561 ‘luno
551 3499 668 3561 autem
683 3516 774 3560 nova
791 3492 909 3585 oppidi
928 3492 1053 3561 seditio
1078 3518 1148 3562 non
1164 3496 1242 3574 tuit,

125 3605 185 3675 sed
201 3603 338 3692 aliquot
356 3599 429 3669 dies
455 3600 733 3670 Cameraoesium
758 3601 849 3668 inter
872 3600 1066 3689 Orongium
1088 3608 1122 3669 et
1143 3604 1246 3671 Albo-

126 3735 214 3782 nnm
230 3708 316 3778 belli
330 3707 429 3799 qnasi
445 3706 542 3775 sedes
562 3709 642 3775 tuit.
660 3708 800 3775 Etenim
827 3730 898 3775 non
917 3707 975 3775 hic
1003 3708 1092 3775 inter
1107 3732 1143 3777 se
1168 3732 1248 3778 con·

128 3839 268 3889 currere
282 3815 462 3907 utriusque
481 3815 589 3906 partis
614 3815 787 3882 exercitus
807 3837 879 3882 nou
902 3820 1073 3906 poterant,
1098 3840 1248 3907 nomque

129 3923 411 3997 Cameraoesium
436 3943 604 4012 occupare
624 3922 791 3989 intererat
813 3928 847 3989 et
869 3923 1026 4014 Orongii,
1051 3921 1142 3991 unde
1168 3948 1246 3992 cum

130 4033 242 4103 Gallis
259 4028 462 4121 hugonotis‚
477 4030 538 4120 qui
553 4028 668 4120 plnres
689 4051 800 4097 annos
823 4030 1009 4099 comitatus
1036 4030 1123 4098 fines
1148 4031 1250 4099 intes-

131 4143 307 4217 tino-unt,
325 4158 361 4204 se
374 4137 521 4228 jungere
542 4141 672 4227 posset,
696 4142 730 4204 et
752 4135 875 4203 Albani
900 4137 1011 4217 ducis
1036 4142 1075 4206 ut
1098 4137 1251 4227 Orongio

164 4348 186 4399 1.
207 4350 361 4403 Faoseeao
377 4345 425 4409 op,
438 4346 482 4396 eit.
