2988 5078
254 410 294 469 46
602 429 640 474 na
661 429 858 474 marturano
878 431 897 472 r
918 428 1024 473 erneis

256 567 384 660 abjecit
400 575 405 601 ¹
422 575 456 637 et
479 571 555 661 ejus
573 577 708 640 tantum
733 594 911 641 successor
939 569 981 638 dc
1008 569 1066 637 lite
1098 566 1159 635 illa
1184 564 1379 659 pactionem

258 676 340 743 tecit
355 698 362 744 :
380 676 484 745 abbas
500 679 592 747 enim
608 678 834 747 valcellensis
852 675 1098 749 Cameracensi
1122 674 1380 765 archiepiscopo

258 784 430 874 majorem
463 784 538 876 agri
565 785 619 853 sui
646 792 779 877 partem
805 784 1124 877 Juxta'Condaeum
1142 789 1175 850 et
1191 779 1380 848 Castellum

260 889 510 960 Canreracense
525 893 696 961 concessit
709 897 731 959 ¹.

304 997 400 1064 Nova
416 999 522 1088 igitur
541 1000 691 1090 Belgicae
718 996 873 1066 ecclesiae
894 999 1096 1067 constitutio
1110 998 1197 1064 lines
1222 994 1378 1063 Camera-

259 1104 370 1172 censis
388 1106 605 1197 episcopatus
631 1107 819 1184 minuerat,
839 1106 995 1174 sedeam
1021 1105 1062 1173 ab
1092 1110 1208 1172 extera
1231 1101 1378 1169 auctori-

259 1214 327 1277 tate
343 1211 549 1281 liberaverat
565 1213 711 1304 ideoque
725 1211 956 1282 Maximiliani
968 1212 1208 1280 auctoritatem
1221 1212 1374 1277 auxerat.

259 1316 440 1387 Eteninra
472 1320 715 1411 jurisdictione
753 1321 958 1411 metropolis
995 1319 1189 1399 Remensis‚
1231 1339 1308 1406 qua
1345 1313 1377 1380 in

1474 1020 1475 1047 t

1474 1076 1475 1103 t

1473 1192 1475 1235 l

260 1424 396 1493 dicione
411 1425 533 1494 Gallia
557 1428 663 1516 Regis
679 1432 766 1510 erat,
797 1425 978 1495 absolutus
1008 1432 1072 1510 est,
1098 1430 1143 1508 et,
1172 1424 1264 1491 sicut
1292 1442 1376 1515 saepe
1474 1498 1475 1503 ἵ

260 1529 471 1613 videbimus,
510 1533 784 1615 Maximilianus,
827 1533 1108 1625 archiepiscopus
1147 1555 1185 1599 ac
1217 1529 1376 1622 princeps

260 1637 421 1722 civitatis,
440 1662 515 1728 quae
532 1641 638 1708 simul
661 1641 792 1732 lingua,
822 1639 978 1709 moribus
1000 1640 1139 1730 situque
1165 1660 1239 1705 non
1263 1635 1376 1703 minus

260 1744 393 1812 Gallica
410 1749 484 1813 erat
499 1769 603 1838 quam
628 1747 769 1838 Belgica
795 1754 855 1816 aut
884 1748 1102 1829 Germanica,
1130 1767 1194 1812 nec
1226 1742 1377 1810 semela

260 1851 383 1919 Gallice
396 1853 488 1944 Rege
504 1855 657 1945 expetita
672 1861 733 1929 est,
757 1877 828 1922 non
843 1853 949 1922 modo
966 1877 985 1921 a
1002 1852 1116 1922 Gallia
1138 1851 1284 1921 omnino
1306 1848 1378 1916 dis·
1475 1850 1476 1883 ³

260 1959 375 2043 cessit,
392 1959 452 2027 sed
465 1965 633 2050 tanquam
658 1962 769 2029 hostis
793 1961 915 2030 Calliae
931 1961 1018 2029 fines
1041 1959 1293 2052 speculabitur,
1319 1955 1376 2024 ubi

260 2067 455 2157 frequentes
474 2074 571 2136 erant
588 2068 849 2160 hugonotorum
880 2074 1070 2137 conventus
1099 2092 1137 2136 ac
1153 2067 1194 2136 de
1221 2064 1374 2146 Condaei,

259 2197 380 2242 eorum
396 2173 507 2254 ducis,
524 2177 679 2245 consiliis
703 2178 924 2266 Margaritam
939 2175 1182 2267 Albanumque
1196 2173 1378 2263 diligenter

259 2281 434 2349 monebit:
455 2287 558 2374 atque
581 2283 643 2350 hac
667 2284 901 2351 intentissima
923 2283 1082 2350 custodia
1104 2281 1214 2349 sancti
1235 2278 1375 2371 lmperii

260 2388 406 2455 Romani
422 2387 480 2456 ille
496 2391 655 2481 princeps
669 2391 832 2481 idemque
848 2390 999 2479 Belgicae
1013 2389 1154 2456 dioecesi
1169 2387 1376 2478 praepositus

260 2493 301 2562 de
317 2495 492 2586 Hispaniae
508 2518 588 2587 rege
603 2496 693 2566 bene
711 2497 915 2565 merebitur.

251 2616 254 2623 '
302 2600 594 2694 Archiepiscopus
622 2605 816 2687 Remensis,
845 2627 948 2698 quem
971 2604 1134 2672 Pontifex
1156 2602 1197 2670 de
1219 2602 1374 2692 negotia,

260 2707 352 2795 quod
369 2709 478 2799 ipsius
493 2709 592 2778 valde
607 2711 785 2788 intererat,
810 2735 881 2779 non
903 2711 1137 2793 consuluerat,
1155 2710 1377 2776 vehementer

260 2819 401 2904 questus
416 2821 476 2883 est.
496 2817 615 2905 Neque
634 2820 727 2885 enim
747 2819 818 2910 pati
833 2822 991 2909 poterant
1005 2818 1071 2886 sibi
1085 2817 1242 2907 Belgicus
1262 2815 1378 2883 eccle-

259 2920 326 2987 sias
356 2923 482 2989 auierri
512 2923 760 3016 archiepiscopi
794 2926 992 3007 Remenses,
1023 2924 1083 3016 qui
1104 2948 1164 3016 per
1192 2922 1376 2990 duodecim

259 3027 386 3095 saecula
402 3030 581 3120 episcopos
595 3031 870 3103 Cameracenses,
881 3030 1034 3099 delectos
1054 3029 1373 3121 comprobaverant,

259 3140 292 3202 et
304 3136 346 3203 ab
359 3135 429 3203 illis
438 3135 688 3228 jusjurandum
712 3140 758 3227 inf
772 3139 951 3230 provincia
980 3137 1143 3206 Remensi
1168 3142 1375 3205 consuetum

259 3250 471 3334 acceperant,
490 3251 521 3311 et
552 3243 632 3312 illos
659 3245 702 3312 ad
725 3248 911 3314 Remenses
938 3245 1089 3337 synodos
1111 3244 1374 3312 advocaverant.

257 3348 375 3441 Nuper
393 3351 499 3417 etiam
527 3352 700 3420 Robertus
723 3353 857 3436 CroiuS,
889 3354 1071 3444 episcopus
1101 3351 1372 3427 Cameracensis,

257 3458 566 3548 praescriptionem,
585 3482 690 3549 quam
706 3459 748 3526 ad
762 3466 899 3551 tempus
924 3457 1070 3526 Carolus
1090 3460 1121 3528 V
1145 3460 1182 3525 in
1205 3459 1375 3548 Augusta

263 3562 520 3632 vindelicorum
541 3567 691 3633 comitiis
716 3566 759 3632 ad
773 3566 996 3634 Germaniam
1021 3566 1211 3657 pacandam
1231 3566 1373 3644 iecerat,

257 3667 293 3734 in
321 3693 383 3736 sua
409 3673 540 3762 syuodo
567 3674 789 3763 promulgare
815 3679 967 3757 coactus,
983 3672 1217 3741 declaraverat
1239 3695 1275 3740 se
1299 3693 1374 3739 earn

285 3846 308 3896 l.
327 3849 437 3911 Papiam
453 3850 552 3910 d'Elal,
566 3851 635 3910 Vlll,
651 3866 680 3914 p.
702 3852 823 3902 aea-369.

287 3945 310 3994 2.
330 3944 369 3994 cf.
386 3948 520 4009 Requirea
535 3948 571 3997 du
585 3950 667 4012 londa
682 3950 714 3999 de
732 3950 868 4001 Voucellea
888 3951 1015 4016 (Biblioth.
1036 3952 1068 4001 de
1086 3951 1225 4014 cambrai).
1243 3976 1276 3989 -
1295 3950 1376 4014 Copia

256 4025 335 4075 bulla
346 4027 389 4075 Pii
397 4028 412 4075 l
416 4027 436 4076 V
445 4028 550 4077 unionis
557 4027 659 4079 abbatia
675 4030 841 4081 Valcelleruia
850 4032 887 4081 ad
898 4031 1155 4096 archiepiscopatum
1164 4031 1376 4082 Corneracemem

256 4106 344 4169 (Areh.
361 4106 458 4169 depart.
477 4107 510 4155 du
527 4106 607 4168 Nom,
624 4109 678 4159 cib.
691 4125 741 4161 sec.
754 4111 827 4161 titul.
848 4113 896 4162 etc.
917 4113 983 4175 221).
1003 4138 1034 4148 -
1049 4113 1172 4162 Memoire
1190 4127 1238 4161 sur
1257 4112 1376 4175 Fcbboye

256 4187 289 4236 de
303 4186 439 4236 Vuucellea
452 4187 529 4247 (Bibl.
544 4187 601 4239 Nat.
613 4190 777 4241 Manl‘onds
792 4192 904 4255 franceis
919 4193 1039 4258 3173).-
1050 4194 1237 4258 Nepociatz'oos
1248 4195 1376 4244 touchant

255 4267 372 4329 l‘obbaye
392 4267 424 4315 de
451 4267 586 4317 Vaut-elles
605 4268 694 4331 (reid,
710 4271 791 4335 3880).
816 4299 847 4308 —
866 4273 981 4322 Histoire
995 4272 1026 4321 de
1045 4273 1163 4337 l'abbaye
1186 4276 1217 4323 de
1242 4275 1375 4326 Vaucellea

252 4349 328 4415 (ibid.
344 4346 437 4410 14415).
