2988 5078
551 449 590 496 nn
611 449 680 497 usus
700 448 823 496 racemo
1066 458 1068 464 ·
1208 433 1247 495 29

171 594 219 662 Iis
233 594 390 663 moribus
406 595 474 663 luit
493 595 765 663 Maximilianus.
791 595 832 662 ln
848 617 998 677 summa,
1019 595 1197 663 voluntate
1211 601 1244 663 et

127 703 305 794 proposito
320 724 456 795 semper
470 703 711 772 sanctissimus
727 702 814 771 vidit
831 707 865 769 et
878 701 1173 793 quemadmodum
1189 724 1243 770 res

128 833 163 878 se
178 810 217 878 in
230 809 349 901 Belgio
364 809 531 879 baberent
556 810 729 901 atquibus
757 808 798 878 de
826 809 955 885 causis;
982 807 1143 903 idemque
1163 808 1243 900 jure

128 917 372 986 animadvertit
386 916 562 1010 quomodo
578 917 614 984 in
632 916 768 985 dicione
781 915 871 1008 regis
900 921 934 985 et
956 915 1036 984 fidei
1064 916 1243 985 catholicae

127 1025 240 1093 teneri
258 1024 399 1116 pobsent
420 1029 471 1094 tot
494 1024 656 1093 homines
678 1046 764 1115 quos
785 1024 1044 1093 concitaverant
1070 1029 1103 1091 et
1123 1022 1242 1092 crebra

128 1131 299 1225 supplicia
326 1138 358 1201 et
382 1132 674 1225 impotentissime
697 1131 824 1200 Albani
853 1131 951 1200 ducis
976 1130 1185 1208 dominatio;
1213 1130 1244 1199 ei

128 1263 267 1333 quoque
281 1263 353 1309 non
370 1240 483 1310 levem
499 1240 743 1309 auctoritatem
762 1240 908 1309 virtutes
928 1239 1081 1330 insignes
1098 1236 1245 1307 addide-

127 1352 223 1416 runt.
241 1346 386 1440 Aliquid
400 1371 482 1416 vero
497 1348 529 1417 ei
549 1346 696 1417 detraxit
714 1353 747 1416 et
765 1345 871 1438 quod,
895 1350 1091 1415 ceterorum
1111 1345 1244 1438 episco-

126 1478 255 1547 porum
281 1455 403 1539 instar,
431 1454 597 1524 acerrime
625 1455 729 1524 rebus
755 1453 828 1523 suis
855 1454 1065 1524 inserviebat
1092 1458 1125 1522 et
1150 1452 1245 1545 quod

126 1561 366 1631 imbecillioris
380 1563 489 1631 animi
500 1587 538 1632 ac
555 1562 814 1631 verecundioris
831 1563 899 1629 luit
910 1584 1018 1653 quam
1032 1585 1071 1631 eo
1086 1566 1244 1653 tempore

126 1668 255 1754 decuit,
267 1670 360 1761 quod
374 1670 476 1740 virile
491 1671 598 1740 robur
613 1670 832 1763 requirebat:
850 1668 942 1738 unde
957 1674 1088 1738 temere
1105 1692 1144 1738 ac
1158 1691 1245 1737 non·

125 1800 310 1869 nunquam
322 1778 439 1870 inepte
450 1778 729 1871 imprudentibus
742 1776 865 1846 amicis
875 1781 936 1846 aut
948 1775 1113 1861 inimicis,
1122 1798 1244 1869 parum

126 1888 245 1953 autem
272 1883 338 1952 sibi
368 1908 403 1953 sc
433 1884 592 1965 credidit,
620 1909 733 1979 neque
760 1885 935 1963 omnibus,
957 1907 1042 1976 quas
1071 1889 1244 1953 enatura

126 1996 320 2085 acceperat,
335 1991 489 2076 dotibus,
522 2016 607 2061 usus
636 2000 700 2062 est.
731 1992 800 2062 Sed
825 1993 903 2086 plus
928 1991 1070 2061 valuere
1098 1992 1243 2060 virtutes

126 2120 233 2190 quam
249 2100 356 2169 vitia:
373 2099 560 2192 intorques
580 2101 775 2192 prasertim
794 2099 967 2169 laudanda
986 2104 1037 2168 est
1049 2098 1111 2168 illa
1123 2098 1244 2168 mode-

125 2206 216 2275 ratio
232 2228 340 2297 quam
353 2207 390 2275 in
405 2206 504 2276 bellis
519 2207 679 2277 civilibus
698 2206 873 2291 adhibuit;
890 2213 923 2276 et
938 2207 1026 2276 illud
1041 2205 1153 2275 multa
1168 2204 1243 2298 ejus

126 2313 265 2383 redimit
284 2314 369 2384 vitia
391 2315 484 2406 quod
506 2315 660 2408 Philippi
681 2317 774 2406 regis
800 2316 979 2384 ministros
999 2313 1181 2383 admonuit
1199 2337 1244 2383 ne

126 2422 160 2491 vi
175 2427 209 2491 et
224 2422 332 2491 armis
345 2422 501 2491 turbatas
517 2447 571 2492 res
590 2429 849 2516 componerent.
