2958 5076
240 361 301 424 1ss
637 377 677 423 ns
698 376 793 422 vasu
813 376 962 423 emesan

237 526 353 591 tarum
383 541 501 588 rerum
539 518 765 603 oblivionem,
809 520 914 590 fidem
970 525 1091 613 postea
1123 529 1352 593 servaturos?

280 629 400 721 Itaque
414 628 474 697 din
489 634 682 709 cunctatus,
702 626 762 696 sed
777 634 894 697 tamen
907 628 1100 719 Margaritae
1118 632 1351 700 monentitan·

236 759 342 829 quam
359 734 559 818 obsecutus,
578 734 716 805 videtur
735 735 896 805 statuisse
917 738 990 805 Rex
1010 736 1195 830 Philippus
1221 740 1351 808 veniam

235 843 436 935 generalem
459 841 672 912 concederet
698 844 749 912 De
781 865 819 911 re
852 842 990 935 scriptae
1025 843 1149 913 litterae
1181 847 1351 939 simulque

233 949 1079 1044 aliaeapudRelgaseditae,quibusmutateetabulae
1090 953 1348 1037 nuntiabantur,

231 1058 328 1128 salva
339 1060 431 1151 regis
447 1058 651 1127 auctoritate
673 1064 707 1127 et
730 1056 903 1127 catholica
916 1056 994 1126 tide.
1018 1058 1096 1142 Sed,
1130 1061 1251 1153 paucis
1278 1068 1351 1154 post

230 1164 365 1250 diebus,
381 1170 549 1258 praesente
560 1165 696 1234 Albano
708 1163 807 1245 duce,
823 1164 1043 1235 stabellioue
1054 1189 1158 1259 quem
1168 1168 1350 1262 Philippus

231 1273 465 1358 arcessiverat,
487 1274 616 1365 scripto
640 1271 825 1341 mandatur
839 1271 1044 1366 Philippum
1071 1274 1213 1368 quidem
1233 1298 1349 1368 regem

228 1380 422 1473 Margaritae
432 1380 614 1449 Parmensi
629 1384 834 1472 potestatem
845 1379 1017 1468 fecissent
1027 1382 1071 1449 iis
1082 1380 1280 1473 ignosceret
1293 1384 1348 1476 qui

227 1487 430 1558 rebellionis
444 1486 591 1578 Belgica
605 1487 790 1580 participes
804 1486 964 1570 luissent,
982 1488 1054 1572 sed,
1068 1488 1111 1557 ob
1127 1489 1347 1581 praesentium

227 1601 426 1687 temporum
442 1595 696 1678 necessitatem,
722 1595 771 1663 ita
794 1601 832 1664 ut
855 1617 917 1664 nec
943 1595 1142 1664 istiusmodi
1168 1597 1348 1689 promissis

227 1702 407 1785 standum,
430 1724 495 1771 nec
515 1703 574 1794 jus
591 1699 889 1771 animadvertendi
907 1703 1086 1787 insontes,
1111 1705 1288 1796 praecipue
1315 1705 1347 1771 in

225 1808 435 1879 seditionum
450 1813 621 1892 auctores,
639 1807 870 1878 abdicandum
881 1816 1044 1901 putaret'.

270 1916 383 1986 Simul
398 1916 478 1985 data
489 1916 617 2007 legato,
633 1915 693 2008 qui
708 1917 827 1984 Romae
842 1922 925 1995 erat,
944 1939 1029 1985 cura
1042 1923 1082 1986 ut
1094 1917 1199 1987 sciret
1212 1918 1299 1987 Pius
1318 1917 1345 1986 V

228 2046 300 2092 non
313 2024 463 2092 oblitum
478 2046 552 2092 esse
569 2023 744 2115 Hispanias
772 2046 890 2115 regem
906 2023 1053 2107 nullius,
1078 2025 1146 2093 nisi
1170 2025 1346 2094 Pontificis

225 2132 368 2216 summi,
387 2155 427 2200 ex
442 2131 555 2199 officio
567 2131 799 2223 Inquisitores
815 2152 976 2200 amovere
1001 2132 1037 2199 in
1058 2138 1228 2224 potestate
1252 2155 1342 2208 esse;

229 2261 303 2308 rem
320 2239 436 2331 itaque
451 2239 547 2307 irrite
559 2260 760 2306 concessam
777 2262 786 2314 ;
803 2260 916 2331 neque
932 2240 1037 2306 etiam
1054 2239 1345 2332 veniaindignum

228 2369 401 2440 quemque
414 2352 532 2438 postea
547 2351 642 2414 extra
655 2367 794 2437 poenam
808 2346 969 2414 futurum
985 2368 993 2429 ;
1014 2345 1219 2439 Philippum
1238 2348 1345 2416 haere-

224 2453 375 2522 ticorum
391 2475 509 2544 regem
522 2475 596 2521 esse
607 2451 722 2534 nolle,
741 2458 865 2521 cuncta
877 2457 993 2522 antem
1008 2453 1069 2521 illa
1083 2476 1158 2523 esse
1168 2455 1335 2524 tacenda‘.
1454 2452 1455 2495 l

270 2561 351 2629 Mox
390 2566 530 2651 patuere
568 2559 721 2652 Philippi
761 2558 928 2628 consilia:
973 2561 1204 2630 Granvellano
1252 2563 1343 2630 enim

226 2667 364 2758 scripsit
379 2665 598 2734 Morillonius
613 2666 751 2735 veniam
763 2667 1009 2758 impetraturos
1033 2668 1340 2738 tantummodoeos

223 2775 284 2866 qui
314 2773 477 2866 privatim
506 2796 585 2842 eam
612 2774 798 2866 petierint;
831 2780 944 2843 cetera
971 2775 1007 2842 in
1034 2777 1126 2868 regis
1153 2776 1340 2845 adventum

223 2881 331 2950 dilata
346 2904 356 2964 ;
374 2880 488 2950 datam
506 2881 542 2950 in
559 2881 682 2974 primis
698 2903 838 2973 operam
857 2904 901 2950 ne
923 2882 1041 2951 Status
1061 2883 1243 2976 generales
1263 2908 1342 2953 con-
1453 2870 1454 2897 ¹

223 2989 477 3088 gregarantur⁴.
521 2990 642 3081 Itaque
681 2988 815 3073 litterae,
859 2990 985 3081 quibus
1026 2991 1211 3083 Margarita
1250 3016 1340 3084 prae-

223 3099 405 3192 cipuarum
447 3096 629 3165 civitatum
674 3096 933 3188 magistratibus
972 3098 1157 3166 nuntiabat
1195 3102 1339 3191 Regem,

223 3206 356 3273 ratione
372 3204 494 3274 habita
507 3227 624 3273 rernm
639 3227 724 3296 quas
739 3205 813 3296 ipsa
835 3205 1004 3296 Equitum
1028 3205 1168 3275 Ordinis
1191 3211 1224 3275 et
1249 3207 1338 3275 Con·
1452 3254 1453 3281 l

225 3310 296 3380 cilii
328 3312 445 3381 Status
474 3311 644 3380 sententia
674 3311 908 3391 mandaverat,
944 3334 1105 3381 amovere
1137 3336 1179 3381 ex
1226 3314 1339 3382 officio

225 3417 454 3512 Inquisitores
466 3418 671 3510 tabulasque
695 3417 732 3485 in
753 3419 936 3487 haereticos
967 3421 1073 3488 factas
1096 3419 1251 3506 abolere,
1277 3444 1339 3490 nec

224 3526 261 3594 in
284 3531 460 3618 posterum
490 3524 628 3595 crimini
646 3524 825 3595 Nobilium
838 3525 997 3601 libellum
1012 3527 1195 3619 foedusque
1223 3533 1338 3597 aucto·

223 3632 321 3702 ribus
350 3632 524 3718 daturum,
555 3631 660 3702 modo
685 3631 931 3702 utsalvaloret
957 3634 1128 3702 catholica
1156 3635 1280 3727 religio
1306 3639 1338 3703 et

222 3740 494 3834 reprimerentur
515 3740 710 3824 tumultus,
732 3762 839 3809 novas
864 3739 1062 3809 volentibus
1082 3764 1136 3810 res
1161 3765 1234 3811 nou
1259 3743 1336 3811 satis
1450 3736 1451 3745 ’

252 3909 276 3962 1.
291 3910 487 3964 Rarrsannsao.
501 3910 731 3975 Correapondcoce
745 3909 778 3960 dc
790 3911 953 3976 Margumtte
966 3910 1161 3977 &Aetatem
1175 3910 1243 3964 sess
1254 3911 1306 3964 116.

250 4010 275 4063 2.
291 4009 366 4061 Gerr.
382 4009 414 4060 dc
428 4007 554 4073 Philippo
566 4009 601 4069 11,
617 4011 635 4060 t.
650 4010 671 4070 1,
686 4023 712 4073 p.
728 4008 786 4060 443.

249 4107 276 4161 3.
290 4106 358 4159 leid.

248 4204 275 4257 4.
291 4205 366 4258 cm.
379 4205 412 4256 dc
424 4204 575 4267 mansella,
586 4205 607 4268 l,
622 4220 649 4269 p.
664 4204 713 4257 416
723 4206 750 4257 et
758 4203 815 4256 ⁴19.

248 4305 274 4356 5.
290 4302 519 4371 emanandum
539 4304 571 4355 dc
585 4303 708 4369 Philipps
725 4305 761 4366 11,
774 4307 793 4355 t.
806 4303 837 4354 ΙΙ.
852 4316 878 4368 p.
894 4303 950 4355 584.
