2958 5076
225 440 265 502 dt
434 455 578 510 ououooo
600 454 773 507 aencorum
799 456 922 503 nonnas
944 454 1077 502 runcrus
1097 454 1144 500 sir

749 534 762 559 ί

233 601 370 693 publice
391 600 542 668 detestor
569 606 603 668 et
630 600 918 669 anathematizo¹.
949 625 967 664 »
998 598 1274 681 Maximilianus,
1298 600 1349 667 cui

235 708 347 800 primo
360 709 479 775 charta
494 714 651 799 porrecta
666 715 728 790 cst,
746 708 952 776 obedientiae
966 706 1166 797 exemplum
1183 706 1279 775 dedit
1292 731 1353 777 neo

235 813 475 882 resistentibus
497 814 635 882 obviam
656 814 706 881 ire
727 814 911 898 dubitavit,
932 836 1081 906 namque
1103 837 1121 879 e
1141 813 1267 882 habuit
1283 837 1355 883 ora-

236 922 366 989 tionem
383 945 452 1012 qua
472 920 666 990 declarabat
683 921 777 1011 quod
799 922 862 988 etsi
882 922 993 989 multa
1019 923 1056 989 in
1080 921 1181 988 dictis
1209 921 1353 990 decretis

235 1029 507 1116 continerentur,
528 1051 605 1119 quae
621 1028 705 1118 ipsis
720 1027 890 1119 episeopis
905 1036 1018 1097 essent
1028 1051 1099 1096 nou
1112 1028 1229 1096 solum
1240 1029 1351 1108 oneri,

235 1136 293 1205 sed
320 1136 466 1204 molesta
499 1157 638 1226 quoque
670 1140 704 1203 et
735 1135 965 1227 dispendiosa,
997 1143 1113 1204 tamen
1140 1135 1353 1227 perpendens
1458 1204 1459 1219 ,

236 1244 329 1335 piam
343 1244 379 1310 iu
394 1243 459 1311 hac
472 1266 508 1310 re
525 1249 662 1334 patrum
678 1242 907 1310 intentionem
926 1249 959 1311 et
976 1244 1069 1334 quod
1084 1243 1152 1310 alia
1169 1243 1227 1310 via
1241 1242 1355 1311 eccle-

235 1351 286 1418 sia
301 1350 482 1419 reformari
496 1372 567 1416 uon
587 1349 696 1439 possit
718 1356 752 1417 et
771 1349 920 1417 haereses
938 1351 1131 1442 exstirpari,
1153 1350 1303 1419 libenter
1321 1374 1353 1418 se

234 1457 427 1526 illaomnia
454 1464 487 1525 et
513 1456 651 1548 singula
680 1464 899 1549 recepturum
929 1463 962 1525 et
988 1458 1227 1548 professurum
1256 1458 1352 1540 dixit,

232 1566 330 1656 juxta
346 1565 534 1632 formulam
564 1562 744 1633 incudem
771 1563 889 1633 charta
916 1564 1136 1654 descriptam,
1164 1587 1354 1656 omnesque
1459 1602 1460 1613 κ

236 1674 395 1764 aliosper
409 1671 687 1740 visceradomini
714 1672 821 1739 nostri
850 1671 933 1739 lesu
963 1671 1102 1749 Christi,
1124 1679 1162 1739 ut
1182 1671 1226 1738 ad
1254 1694 1354 1740 snam

233 1780 466 1848 imitationem
491 1780 583 1847 idem
615 1785 777 1870 praestore
807 1778 948 1860 vellent,
976 1778 1066 1846 serio
1093 1779 1299 1848 cohortatus
1323 1785 1356 1846 et

226 1888 435 1985 obtestatus,
463 1909 533 1953 suae
566 1885 771 1954 obedientiae
803 1885 953 1976 fideique
986 1885 1239 1977 professionem
1272 1887 1355 1955 fecit
1460 1890 1461 1915 ¹

232 1993 332 2084 juxta
347 2000 501 2062 tenorem
517 2000 551 2061 et
566 1994 714 2061 formam
730 1994 830 2061 dictae
844 1993 971 2060 chartae
985 1994 1006 2061 ’.
1024 2018 1041 2058 ›

253 2158 256 2166 .
278 2102 360 2170 Tres
375 2100 516 2191 quidem
525 2100 678 2191 episcopi
690 2100 897 2191 suffraganei
910 2100 1065 2167 chartam
1075 2100 1246 2191 integram
1258 2123 1351 2170 acce-

234 2215 371 2300 peruut,
390 2207 543 2300 plerique
559 2214 675 2275 autern
695 2206 842 2298 delegati
860 2213 893 2275 et
911 2212 1153 2298 procuratores
1174 2207 1353 2275 cathedra-

233 2316 320 2383 lium
336 2314 560 2384 ecclesiarum
572 2314 805 2382 autabbatum
815 2313 1107 2381 etabbatissarum
1117 2313 1177 2381 alii
1193 2337 1211 2379 e
1228 2337 1351 2382 secun·
1461 2400 1462 2403 Ἴ

234 2424 319 2491 dum
343 2423 442 2491 dictae
472 2423 598 2490 chartae
626 2428 782 2489 tenorem
814 2420 1065 2512 professionem
1094 2422 1205 2488 lacere
1235 2423 1350 2489 statim

235 2535 494 2606 recusaverunt,
513 2529 764 2620 praetendentes
777 2552 840 2597 sua
856 2528 1013 2620 quaedam
1028 2528 1211 2621 privilegia
1227 2531 1350 2599 debere

234 2659 376 2705 manere
387 2637 492 2719 salva,
504 2665 521 2699 »
536 2634 596 2702 alii
610 2660 629 2701 ‹
643 2635 684 2705 dc
698 2636 771 2704 suis
779 2659 916 2728 quoque
926 2636 1204 2727 protestabantur
1212 2660 1351 2728 exemp·
1462 2642 1463 2659 ¹

233 2743 396 2823 tionibus,
416 2768 433 2808 ›
450 2749 511 2811 aut
526 2744 741 2835 accipiebant
756 2743 891 2812 decreta
912 2769 930 2805 α
947 2743 1050 2810 salvis
1065 2749 1181 2811 tamen
1195 2745 1351 2813 modera-

233 2851 326 2919 mine
356 2857 389 2919 et
419 2850 648 2919 declaratione
669 2852 814 2943 desuper
842 2850 998 2919 facienda
1026 2856 1059 2917 et
1087 2851 1305 2943 impetranda
1332 2876 1351 2920 a

234 2964 350 3028 sancta
365 2958 655 3050 sedeapostolica.
675 2957 921 3040 »Quibusdam
932 2958 1191 3026 Maximiliauus
1202 2958 1350 3027 biduum
1402 2946 1405 2952 Α

233 3068 403 3136 concessit
418 3065 461 3133 ad
475 3068 645 3134 maturius
660 3064 942 3141 deliberandnm;
960 3065 1019 3134 sed
1034 3071 1172 3158 postero
1188 3066 1244 3134 die
1260 3068 1351 3135 reoi-

233 3176 297 3243 tari
310 3173 415 3265 jussit
436 3197 454 3240 s
475 3173 605 3240 litteras
625 3173 830 3265 apostolicas
849 3171 903 3239 Pii
922 3195 1020 3264 papae
1037 3172 1148 3262 quarti
1167 3174 1349 3243 coufirma-

232 3282 337 3351 tionis
352 3282 571 3349 decretorum
587 3268 620 3348 et
635 3280 859 3348 definitorum
877 3280 964 3346 sacri
980 3278 1129 3358 concilii,
1145 3302 1215 3370 quo
1229 3304 1350 3351 omnes

232 3388 464 3478 intelligerent
479 3410 585 3478 quam
597 3410 714 3455 severe
723 3386 815 3453 idem
827 3384 1066 3454 sanctissimus
1079 3397 1220 3477 cuperet
1231 3411 1350 3457 omnes

233 3495 393 3588 compelli
421 3493 464 3560 ad
490 3494 634 3563 illorum
661 3495 895 3584 receptionem
924 3503 958 3560 et
986 3494 1263 3562 observationem
1278 3498 1299 3564 ⁸.
1330 3520 1347 3562 »

232 3601 387 3693 Denique
408 3601 673 3670 Maximilianus‘
687 3601 884 3670 resistentes
904 3600 947 3666 ad
965 3601 1198 3696 obedientiam
1220 3602 1351 3694 redegit

232 3714 267 3777 et
276 3708 398 3777 ultima
411 3708 534 3799 synodi
549 3709 604 3775 die
620 3708 746 3799 gratias
762 3707 923 3776 omnibus
938 3709 1009 3799 egit
1029 3709 1122 3798 qnod
1139 3731 1219 3776 vere
1236 3711 1352 3778 siuce-

233 3842 311 3886 rum
325 3818 414 3885 bene
430 3816 579 3884 faciendi
601 3815 755 3884 studium
775 3815 1017 3884 ostendissent.
1043 3815 1126 3883 lude
1142 3816 1193 3894 tit,
1222 3816 1348 3908 inquit,

231 3952 251 3989 ι
266 3933 306 3995 ut
325 3922 534 3992 iacilemihi
554 3922 781 4015 persuadeam
808 3927 842 3990 et
866 3922 1039 3990 confidam
1063 3945 1349 4016 unumquemque

230 4039 386 4100 vestrum
401 4053 471 4098 uon
486 4029 620 4097 minore
636 4029 751 4098 studio
767 4029 832 4097 hoc
848 4028 938 4119 apud
954 4052 1048 4111 suos,
1071 4029 1198 4120 quibus
1213 4036 1348 4121 praeest,

259 4193 282 4243 l,
299 4191 399 4251 Leaen,
415 4191 469 4250 XV,
482 4204 508 4253 p.
525 4188 581 4238 193.
603 4190 777 4251 -Faancors
788 4203 821 4238 uu
837 4191 904 4248 Biia,
922 4190 971 4252 Op.
988 4190 1025 4238 cit
1038 4225 1045 4249 ,
1056 4203 1081 4252 p.
1097 4188 1212 4240 141-142.

258 4283 282 4332 2.
295 4282 394 4342 Lassa,
408 4280 467 4340 XV,
483 4294 507 4343 p.
524 4279 638 4330 193-194.

257 4373 281 4422 3.
296 4371 347 4433 1ἀ.,
362 4385 388 4436 p.
404 4369 460 4421 lm.
