<?xml version="1.0" encoding="UTF-8"?>
<!DOCTYPE html PUBLIC "-//W3C//DTD XHTML 1.0 Transitional//EN"
    "http://www.w3.org/TR/xhtml1/DTD/xhtml1-transitional.dtd">
<html xmlns="http://www.w3.org/1999/xhtml" xml:lang="en" lang="en">
 <head>
  <title>
</title>
<meta http-equiv="Content-Type" content="text/html;charset=utf-8" />
  <meta name='ocr-system' content='tesseract 3.04.00' />
  <meta name='ocr-capabilities' content='ocr_page ocr_carea ocr_par ocr_line ocrx_word'/>
</head>
<body>
  <div class='ocr_page' id='page_1' title='image "./demaximilianoab00cardgoog_0124.png"; bbox 0 0 2958 5076; ppageno 0'>
   <div class='ocr_carea' id='block_1_1' title="bbox 378 422 1250 483">
    <p class='ocr_par' dir='ltr' id='par_1_1' title="bbox 378 422 1250 483">
     <span class='ocr_line' id='line_1_1' title="bbox 378 422 1250 483; baseline 0.008 -7"><span class='ocrx_word' id='word_1_1' title='bbox 378 431 566 477; x_wconf 75' lang='lat' dir='ltr'>ennomus</span> <span class='ocrx_word' id='word_1_2' title='bbox 586 433 787 479; x_wconf 77' lang='lat' dir='ltr'>vanrrrurus</span> <span class='ocrx_word' id='word_1_3' title='bbox 808 433 1009 480; x_wconf 83' lang='lat' dir='ltr'>orrarumnrs</span> <span class='ocrx_word' id='word_1_4' title='bbox 1192 422 1250 483; x_wconf 73' lang='lat' dir='ltr'>tos</span> 
     </span>
    </p>
   </div>
   <div class='ocr_carea' id='block_1_2' title="bbox 126 575 1253 3976">
    <p class='ocr_par' dir='ltr' id='par_1_2' title="bbox 127 575 1251 1094">
     <span class='ocr_line' id='line_1_2' title="bbox 127 575 1251 669; baseline 0.004 -24"><span class='ocrx_word' id='word_1_5' title='bbox 127 576 381 657; x_wconf 85' lang='lat' dir='ltr'>Maximiliano,</span> <span class='ocrx_word' id='word_1_6' title='bbox 393 577 567 666; x_wconf 88' lang='lat' dir='ltr'>persecuti</span> <span class='ocrx_word' id='word_1_7' title='bbox 579 583 662 644; x_wconf 89' lang='lat' dir='ltr'>sunt</span> <span class='ocrx_word' id='word_1_8' title='bbox 673 575 699 643; x_wconf 84' lang='lat'>⁸!</span> <span class='ocrx_word' id='word_1_9' title='bbox 714 577 1131 669; x_wconf 82' lang='lat' dir='ltr'>Archiepiscopotantum</span> <span class='ocrx_word' id='word_1_10' title='bbox 1141 580 1251 650; x_wconf 90' lang='lat' dir='ltr'>eccle-</span> 
     </span>
     <span class='ocr_line' id='line_1_3' title="bbox 128 682 1249 775; baseline 0.004 -23"><span class='ocrx_word' id='word_1_11' title='bbox 128 684 271 752; x_wconf 90' lang='lat' dir='ltr'>siastica</span> <span class='ocrx_word' id='word_1_12' title='bbox 294 688 445 774; x_wconf 90' lang='lat' dir='ltr'>potestas</span> <span class='ocrx_word' id='word_1_13' title='bbox 463 688 534 753; x_wconf 89' lang='lat' dir='ltr'>est:</span> <span class='ocrx_word' id='word_1_14' title='bbox 566 684 694 753; x_wconf 80' lang='lat' dir='ltr'>cotidie</span> <span class='ocrx_word' id='word_1_15' title='bbox 722 682 863 775; x_wconf 89' lang='lat' dir='ltr'>quidem</span> <span class='ocrx_word' id='word_1_16' title='bbox 888 685 1112 755; x_wconf 86' lang='lat' dir='ltr'>Valentianas</span> <span class='ocrx_word' id='word_1_17' title='bbox 1140 711 1249 756; x_wconf 86' lang='lat' dir='ltr'>sacer-</span> 
     </span>
     <span class='ocr_line' id='line_1_4' title="bbox 128 789 1248 880; baseline 0.004 -22"><span class='ocrx_word' id='word_1_18' title='bbox 128 791 227 858; x_wconf 92' lang='lat' dir='ltr'>dotes</span> <span class='ocrx_word' id='word_1_19' title='bbox 243 789 434 880; x_wconf 86' lang='lat' dir='ltr'>mittit‚qui</span> <span class='ocrx_word' id='word_1_20' title='bbox 452 789 557 858; x_wconf 89' lang='lat' dir='ltr'>fidem</span> <span class='ocrx_word' id='word_1_21' title='bbox 573 791 779 859; x_wconf 80' lang='lat' dir='ltr'>catholicam</span> <span class='ocrx_word' id='word_1_22' title='bbox 797 792 834 859; x_wconf 91' lang='lat' dir='ltr'>in</span> <span class='ocrx_word' id='word_1_23' title='bbox 850 792 1044 861; x_wconf 81' lang='lat' dir='ltr'>carceribus</span> <span class='ocrx_word' id='word_1_24' title='bbox 1064 793 1248 863; x_wconf 69' lang='lat' dir='ltr'>haereticos</span> 
     </span>
     <span class='ocr_line' id='line_1_5' title="bbox 127 895 1250 991; baseline 0.002 -24"><span class='ocrx_word' id='word_1_25' title='bbox 127 898 279 967; x_wconf 80' lang='lat' dir='ltr'>doceant</span> <span class='ocrx_word' id='word_1_26' title='bbox 295 895 317 962; x_wconf 89' lang='lat'>¹.</span> <span class='ocrx_word' id='word_1_27' title='bbox 337 896 403 964; x_wconf 85' lang='lat' dir='ltr'>Sed</span> <span class='ocrx_word' id='word_1_28' title='bbox 421 897 506 987; x_wconf 92' lang='lat' dir='ltr'>quid</span> <span class='ocrx_word' id='word_1_29' title='bbox 521 898 594 988; x_wconf 86' lang='lat' dir='ltr'>ipse</span> <span class='ocrx_word' id='word_1_30' title='bbox 612 899 725 988; x_wconf 91' lang='lat' dir='ltr'>potuit</span> <span class='ocrx_word' id='word_1_31' title='bbox 742 899 935 967; x_wconf 89' lang='lat' dir='ltr'>incivitate</span> <span class='ocrx_word' id='word_1_32' title='bbox 954 901 1112 991; x_wconf 77' lang='lat' dir='ltr'>quaejam</span> <span class='ocrx_word' id='word_1_33' title='bbox 1125 902 1159 970; x_wconf 92' lang='lat' dir='ltr'>vi</span> <span class='ocrx_word' id='word_1_34' title='bbox 1173 907 1250 970; x_wconf 88' lang='lat' dir='ltr'>tan-</span> 
     </span>
     <span class='ocr_line' id='line_1_6' title="bbox 128 1003 508 1094; baseline -0.008 -21"><span class='ocrx_word' id='word_1_35' title='bbox 128 1011 207 1073; x_wconf 89' lang='lat' dir='ltr'>tum</span> <span class='ocrx_word' id='word_1_36' title='bbox 223 1003 338 1094; x_wconf 81' lang='lat' dir='ltr'>subigi</span> <span class='ocrx_word' id='word_1_37' title='bbox 349 1007 508 1094; x_wconf 89' lang='lat' dir='ltr'>poterat?</span> 
     </span>
    </p>

    <p class='ocr_par' dir='ltr' id='par_1_3' title="bbox 126 1111 1251 2361">
     <span class='ocr_line' id='line_1_7' title="bbox 174 1111 1249 1201; baseline 0.006 -23"><span class='ocrx_word' id='word_1_38' title='bbox 174 1112 342 1178; x_wconf 76' lang='lat' dir='ltr'>Attamen</span> <span class='ocrx_word' id='word_1_39' title='bbox 355 1111 442 1199; x_wconf 83' lang='lat' dir='ltr'>pesti</span> <span class='ocrx_word' id='word_1_40' title='bbox 457 1111 632 1179; x_wconf 79' lang='lat' dir='ltr'>haereticae</span> <span class='ocrx_word' id='word_1_41' title='bbox 651 1112 816 1201; x_wconf 83' lang='lat' dir='ltr'>gliscenti</span> <span class='ocrx_word' id='word_1_42' title='bbox 830 1135 902 1199; x_wconf 89' lang='lat' dir='ltr'>non</span> <span class='ocrx_word' id='word_1_43' title='bbox 922 1114 1066 1181; x_wconf 90' lang='lat' dir='ltr'>remisse</span> <span class='ocrx_word' id='word_1_44' title='bbox 1086 1117 1249 1184; x_wconf 89' lang='lat' dir='ltr'>resisten-</span> 
     </span>
     <span class='ocr_line' id='line_1_8' title="bbox 129 1216 1250 1312; baseline 0.003 -25"><span class='ocrx_word' id='word_1_45' title='bbox 129 1219 217 1288; x_wconf 90' lang='lat' dir='ltr'>dum</span> <span class='ocrx_word' id='word_1_46' title='bbox 234 1216 413 1290; x_wconf 77' lang='lat' dir='ltr'>censebat:</span> <span class='ocrx_word' id='word_1_47' title='bbox 427 1218 587 1307; x_wconf 86' lang='lat' dir='ltr'>quamvis</span> <span class='ocrx_word' id='word_1_48' title='bbox 609 1226 854 1287; x_wconf 81' lang='lat' dir='ltr'>accusarentur</span> <span class='ocrx_word' id='word_1_49' title='bbox 868 1219 987 1287; x_wconf 89' lang='lat' dir='ltr'>clerici</span> <span class='ocrx_word' id='word_1_50' title='bbox 1009 1221 1099 1310; x_wconf 92' lang='lat' dir='ltr'>quod</span> <span class='ocrx_word' id='word_1_51' title='bbox 1112 1223 1250 1312; x_wconf 78' lang='lat' dir='ltr'>sangui-</span> 
     </span>
     <span class='ocr_line' id='line_1_9' title="bbox 128 1324 1251 1417; baseline 0 -22"><span class='ocrx_word' id='word_1_52' title='bbox 128 1348 212 1395; x_wconf 91' lang='lat' dir='ltr'>nem</span> <span class='ocrx_word' id='word_1_53' title='bbox 228 1347 363 1417; x_wconf 91' lang='lat' dir='ltr'>semper</span> <span class='ocrx_word' id='word_1_54' title='bbox 383 1324 620 1416; x_wconf 86' lang='lat' dir='ltr'>deposcerent,</span> <span class='ocrx_word' id='word_1_55' title='bbox 649 1349 729 1394; x_wconf 90' lang='lat' dir='ltr'>cum</span> <span class='ocrx_word' id='word_1_56' title='bbox 751 1349 844 1395; x_wconf 92' lang='lat' dir='ltr'>nunc</span> <span class='ocrx_word' id='word_1_57' title='bbox 858 1325 1097 1396; x_wconf 87' lang='lat' dir='ltr'>elaboraretur</span> <span class='ocrx_word' id='word_1_58' title='bbox 1123 1337 1162 1395; x_wconf 92' lang='lat' dir='ltr'>ut</span> <span class='ocrx_word' id='word_1_59' title='bbox 1182 1328 1251 1397; x_wconf 88' lang='lat' dir='ltr'>cal-</span> 
     </span>
     <span class='ocr_line' id='line_1_10' title="bbox 128 1434 1250 1526; baseline 0.003 -25"><span class='ocrx_word' id='word_1_60' title='bbox 128 1434 275 1501; x_wconf 81' lang='lat' dir='ltr'>viniana</span> <span class='ocrx_word' id='word_1_61' title='bbox 294 1434 398 1502; x_wconf 89' lang='lat' dir='ltr'>factio</span> <span class='ocrx_word' id='word_1_62' title='bbox 435 1434 692 1524; x_wconf 80' lang='lat' dir='ltr'>exstirparetur,</span> <span class='ocrx_word' id='word_1_63' title='bbox 725 1456 803 1501; x_wconf 85' lang='lat' dir='ltr'>eam</span> <span class='ocrx_word' id='word_1_64' title='bbox 837 1434 961 1502; x_wconf 85' lang='lat' dir='ltr'>acriter</span> <span class='ocrx_word' id='word_1_65' title='bbox 995 1435 1186 1526; x_wconf 85' lang='lat' dir='ltr'>urgendum</span> <span class='ocrx_word' id='word_1_66' title='bbox 1217 1443 1250 1504; x_wconf 91' lang='lat' dir='ltr'>et</span> 
     </span>
     <span class='ocr_line' id='line_1_11' title="bbox 128 1539 1247 1635; baseline 0.004 -27"><span class='ocrx_word' id='word_1_67' title='bbox 128 1541 306 1632; x_wconf 89' lang='lat' dir='ltr'>principes</span> <span class='ocrx_word' id='word_1_68' title='bbox 320 1541 474 1609; x_wconf 84' lang='lat' dir='ltr'>maxime</span> <span class='ocrx_word' id='word_1_69' title='bbox 487 1539 724 1623; x_wconf 50' lang='lat' dir='ltr'>lacessendos</span> <span class='ocrx_word' id='word_1_70' title='bbox 738 1563 803 1608; x_wconf 91' lang='lat' dir='ltr'>uec</span> <span class='ocrx_word' id='word_1_71' title='bbox 822 1541 1014 1609; x_wconf 89' lang='lat' dir='ltr'>curandum</span> <span class='ocrx_word' id='word_1_72' title='bbox 1034 1565 1247 1635; x_wconf 87' lang='lat' dir='ltr'>pauperesne</span> 
     </span>
     <span class='ocr_line' id='line_1_12' title="bbox 128 1647 1244 1740; baseline 0.001 -24"><span class='ocrx_word' id='word_1_73' title='bbox 128 1654 246 1716; x_wconf 90' lang='lat' dir='ltr'>essent</span> <span class='ocrx_word' id='word_1_74' title='bbox 260 1669 306 1714; x_wconf 86' lang='lat' dir='ltr'>an</span> <span class='ocrx_word' id='word_1_75' title='bbox 325 1647 463 1728; x_wconf 88' lang='lat' dir='ltr'>divites,</span> <span class='ocrx_word' id='word_1_76' title='bbox 486 1670 529 1716; x_wconf 88' lang='lat' dir='ltr'>an</span> <span class='ocrx_word' id='word_1_77' title='bbox 561 1647 665 1714; x_wconf 90' lang='lat' dir='ltr'>etiam</span> <span class='ocrx_word' id='word_1_78' title='bbox 690 1649 738 1715; x_wconf 89' lang='lat' dir='ltr'>ita</span> <span class='ocrx_word' id='word_1_79' title='bbox 767 1648 890 1716; x_wconf 86' lang='lat' dir='ltr'>civitas</span> <span class='ocrx_word' id='word_1_80' title='bbox 917 1648 1098 1718; x_wconf 90' lang='lat' dir='ltr'>concidere</span> <span class='ocrx_word' id='word_1_81' title='bbox 1116 1655 1244 1740; x_wconf 85' lang='lat' dir='ltr'>posset;</span> 
     </span>
     <span class='ocr_line' id='line_1_13' title="bbox 126 1754 1248 1836; baseline 0.003 -13"><span class='ocrx_word' id='word_1_82' title='bbox 126 1777 226 1836; x_wconf 89' lang='lat' dir='ltr'>nam,</span> <span class='ocrx_word' id='word_1_83' title='bbox 249 1754 342 1822; x_wconf 88' lang='lat' dir='ltr'>malo</span> <span class='ocrx_word' id='word_1_84' title='bbox 363 1754 510 1836; x_wconf 89' lang='lat' dir='ltr'>detecto,</span> <span class='ocrx_word' id='word_1_85' title='bbox 535 1776 651 1821; x_wconf 87' lang='lat' dir='ltr'>rerum</span> <span class='ocrx_word' id='word_1_86' title='bbox 681 1755 975 1823; x_wconf 88' lang='lat' dir='ltr'>restituendarum</span> <span class='ocrx_word' id='word_1_87' title='bbox 1003 1757 1248 1827; x_wconf 87' lang='lat' dir='ltr'>necessitatem</span> 
     </span>
     <span class='ocr_line' id='line_1_14' title="bbox 128 1860 1251 1951; baseline 0.002 -20"><span class='ocrx_word' id='word_1_88' title='bbox 128 1882 272 1951; x_wconf 82' lang='lat' dir='ltr'>urgere;</span> <span class='ocrx_word' id='word_1_89' title='bbox 290 1863 320 1929; x_wconf 92' lang='lat' dir='ltr'>si</span> <span class='ocrx_word' id='word_1_90' title='bbox 334 1860 652 1930; x_wconf 85' lang='lat' dir='ltr'>animadverterent</span> <span class='ocrx_word' id='word_1_91' title='bbox 666 1883 701 1929; x_wconf 91' lang='lat' dir='ltr'>se</span> <span class='ocrx_word' id='word_1_92' title='bbox 717 1863 840 1942; x_wconf 90' lang='lat' dir='ltr'>metui,</span> <span class='ocrx_word' id='word_1_93' title='bbox 865 1862 1045 1931; x_wconf 87' lang='lat' dir='ltr'>licentiam</span> <span class='ocrx_word' id='word_1_94' title='bbox 1061 1865 1110 1932; x_wconf 89' lang='lat' dir='ltr'>ita</span> <span class='ocrx_word' id='word_1_95' title='bbox 1125 1869 1251 1933; x_wconf 88' lang='lat' dir='ltr'>incres-</span> 
     </span>
     <span class='ocr_line' id='line_1_15' title="bbox 128 1969 1250 2060; baseline 0.002 -23"><span class='ocrx_word' id='word_1_96' title='bbox 128 1991 206 2037; x_wconf 92' lang='lat' dir='ltr'>cere</span> <span class='ocrx_word' id='word_1_97' title='bbox 221 1992 335 2059; x_wconf 85' lang='lat' dir='ltr'>posse,</span> <span class='ocrx_word' id='word_1_98' title='bbox 352 1976 391 2038; x_wconf 94' lang='lat' dir='ltr'>ut</span> <span class='ocrx_word' id='word_1_99' title='bbox 405 1969 479 2060; x_wconf 89' lang='lat' dir='ltr'>jam</span> <span class='ocrx_word' id='word_1_100' title='bbox 500 1969 639 2038; x_wconf 91' lang='lat' dir='ltr'>nullum</span> <span class='ocrx_word' id='word_1_101' title='bbox 655 1969 814 2037; x_wconf 86' lang='lat' dir='ltr'>futurum</span> <span class='ocrx_word' id='word_1_102' title='bbox 835 1977 926 2038; x_wconf 88' lang='lat' dir='ltr'>esset</span> <span class='ocrx_word' id='word_1_103' title='bbox 945 1993 1015 2038; x_wconf 92' lang='lat' dir='ltr'>non</span> <span class='ocrx_word' id='word_1_104' title='bbox 1030 1971 1250 2040; x_wconf 87' lang='lat' dir='ltr'>Valentianis</span> 
     </span>
     <span class='ocr_line' id='line_1_16' title="bbox 127 2076 1250 2168; baseline 0.002 -24"><span class='ocrx_word' id='word_1_105' title='bbox 127 2076 248 2158; x_wconf 87' lang='lat' dir='ltr'>mode,</span> <span class='ocrx_word' id='word_1_106' title='bbox 265 2077 324 2144; x_wconf 91' lang='lat' dir='ltr'>sed</span> <span class='ocrx_word' id='word_1_107' title='bbox 339 2082 373 2144; x_wconf 92' lang='lat' dir='ltr'>et</span> <span class='ocrx_word' id='word_1_108' title='bbox 388 2078 425 2144; x_wconf 92' lang='lat' dir='ltr'>in</span> <span class='ocrx_word' id='word_1_109' title='bbox 442 2078 523 2145; x_wconf 91' lang='lat' dir='ltr'>aliis</span> <span class='ocrx_word' id='word_1_110' title='bbox 543 2076 630 2145; x_wconf 91' lang='lat' dir='ltr'>locis</span> <span class='ocrx_word' id='word_1_111' title='bbox 658 2076 872 2152; x_wconf 89' lang='lat' dir='ltr'>remedium;</span> <span class='ocrx_word' id='word_1_112' title='bbox 902 2079 957 2145; x_wconf 92' lang='lat' dir='ltr'>sin</span> <span class='ocrx_word' id='word_1_113' title='bbox 985 2084 1102 2145; x_wconf 88' lang='lat' dir='ltr'>autem</span> <span class='ocrx_word' id='word_1_114' title='bbox 1131 2100 1250 2168; x_wconf 84' lang='lat' dir='ltr'>poenas</span> 
     </span>
     <span class='ocr_line' id='line_1_17' title="bbox 128 2184 1250 2276; baseline 0.001 -23"><span class='ocrx_word' id='word_1_115' title='bbox 128 2185 319 2266; x_wconf 85' lang='lat' dir='ltr'>solverent,</span> <span class='ocrx_word' id='word_1_116' title='bbox 327 2184 413 2251; x_wconf 94' lang='lat' dir='ltr'>alibi</span> <span class='ocrx_word' id='word_1_117' title='bbox 428 2184 622 2266; x_wconf 80' lang='lat' dir='ltr'>haereticos,</span> <span class='ocrx_word' id='word_1_118' title='bbox 632 2189 729 2251; x_wconf 92' lang='lat' dir='ltr'>metu</span> <span class='ocrx_word' id='word_1_119' title='bbox 743 2184 933 2276; x_wconf 71' lang='lat' dir='ltr'>perculsos</span> <span class='ocrx_word' id='word_1_120' title='bbox 952 2184 1054 2252; x_wconf 90' lang='lat' dir='ltr'>citius</span> <span class='ocrx_word' id='word_1_121' title='bbox 1071 2185 1250 2255; x_wconf 84' lang='lat' dir='ltr'>adsonita-</span> 
     </span>
     <span class='ocr_line' id='line_1_18' title="bbox 128 2298 456 2361; baseline 0 0"><span class='ocrx_word' id='word_1_122' title='bbox 128 2299 202 2361; x_wconf 88' lang='lat' dir='ltr'>tem</span> <span class='ocrx_word' id='word_1_123' title='bbox 218 2314 420 2360; x_wconf 86' lang='lat' dir='ltr'>reversuros</span> <span class='ocrx_word' id='word_1_124' title='bbox 433 2298 456 2361; x_wconf 84' lang='lat'>’.</span> 
     </span>
    </p>

    <p class='ocr_par' dir='ltr' id='par_1_4' title="bbox 126 2398 1253 3976">
     <span class='ocr_line' id='line_1_19' title="bbox 175 2398 1248 2489; baseline 0 -22"><span class='ocrx_word' id='word_1_125' title='bbox 175 2398 395 2467; x_wconf 89' lang='lat' dir='ltr'>Valentianis</span> <span class='ocrx_word' id='word_1_126' title='bbox 415 2405 532 2466; x_wconf 89' lang='lat' dir='ltr'>autem</span> <span class='ocrx_word' id='word_1_127' title='bbox 553 2399 668 2488; x_wconf 90' lang='lat' dir='ltr'>potius</span> <span class='ocrx_word' id='word_1_128' title='bbox 687 2398 814 2466; x_wconf 85' lang='lat' dir='ltr'>haeresi</span> <span class='ocrx_word' id='word_1_129' title='bbox 837 2403 1042 2489; x_wconf 87' lang='lat' dir='ltr'>praevertere</span> <span class='ocrx_word' id='word_1_130' title='bbox 1061 2420 1166 2488; x_wconf 89' lang='lat' dir='ltr'>quam</span> <span class='ocrx_word' id='word_1_131' title='bbox 1179 2399 1248 2467; x_wconf 83' lang='lat' dir='ltr'>hae-</span> 
     </span>
     <span class='ocr_line' id='line_1_20' title="bbox 127 2505 1248 2597; baseline -0.002 -22"><span class='ocrx_word' id='word_1_132' title='bbox 127 2508 257 2575; x_wconf 85' lang='lat' dir='ltr'>reticos</span> <span class='ocrx_word' id='word_1_133' title='bbox 285 2507 446 2596; x_wconf 88' lang='lat' dir='ltr'>persequi</span> <span class='ocrx_word' id='word_1_134' title='bbox 476 2505 708 2573; x_wconf 86' lang='lat' dir='ltr'>Maximiliani</span> <span class='ocrx_word' id='word_1_135' title='bbox 741 2505 894 2573; x_wconf 88' lang='lat' dir='ltr'>officium</span> <span class='ocrx_word' id='word_1_136' title='bbox 929 2506 1008 2572; x_wconf 82' lang='lat' dir='ltr'>luit.</span> <span class='ocrx_word' id='word_1_137' title='bbox 1041 2505 1248 2597; x_wconf 86' lang='lat' dir='ltr'>Quanquam</span> 
     </span>
     <span class='ocr_line' id='line_1_21' title="bbox 127 2612 1249 2706; baseline -0.001 -24"><span class='ocrx_word' id='word_1_138' title='bbox 127 2612 355 2705; x_wconf 80' lang='lat' dir='ltr'>gubernatrix</span> <span class='ocrx_word' id='word_1_139' title='bbox 371 2612 652 2681; x_wconf 86' lang='lat' dir='ltr'>Maximilianum</span> <span class='ocrx_word' id='word_1_140' title='bbox 676 2612 882 2680; x_wconf 87' lang='lat' dir='ltr'>hortabatur</span> <span class='ocrx_word' id='word_1_141' title='bbox 903 2619 942 2681; x_wconf 92' lang='lat' dir='ltr'>ut</span> <span class='ocrx_word' id='word_1_142' title='bbox 962 2615 999 2680; x_wconf 92' lang='lat' dir='ltr'>in</span> <span class='ocrx_word' id='word_1_143' title='bbox 1018 2615 1094 2706; x_wconf 91' lang='lat' dir='ltr'>ipsa</span> <span class='ocrx_word' id='word_1_144' title='bbox 1121 2613 1249 2683; x_wconf 90' lang='lat' dir='ltr'>Valen-</span> 
     </span>
     <span class='ocr_line' id='line_1_22' title="bbox 127 2718 1249 2810; baseline -0.002 -21"><span class='ocrx_word' id='word_1_145' title='bbox 127 2742 215 2790; x_wconf 88' lang='lat' dir='ltr'>cena</span> <span class='ocrx_word' id='word_1_146' title='bbox 241 2719 326 2787; x_wconf 90' lang='lat' dir='ltr'>urbe</span> <span class='ocrx_word' id='word_1_147' title='bbox 360 2724 529 2809; x_wconf 83' lang='lat' dir='ltr'>quaereret</span> <span class='ocrx_word' id='word_1_148' title='bbox 561 2741 629 2810; x_wconf 89' lang='lat' dir='ltr'>quo</span> <span class='ocrx_word' id='word_1_149' title='bbox 661 2718 767 2787; x_wconf 91' lang='lat' dir='ltr'>modo</span> <span class='ocrx_word' id='word_1_150' title='bbox 801 2719 1007 2788; x_wconf 87' lang='lat' dir='ltr'>calvinianis</span> <span class='ocrx_word' id='word_1_151' title='bbox 1038 2721 1249 2790; x_wconf 89' lang='lat' dir='ltr'>obstandum</span> 
     </span>
     <span class='ocr_line' id='line_1_23' title="bbox 126 2824 1251 2918; baseline -0.001 -21"><span class='ocrx_word' id='word_1_152' title='bbox 126 2833 232 2909; x_wconf 89' lang='lat' dir='ltr'>esset,</span> <span class='ocrx_word' id='word_1_153' title='bbox 250 2848 322 2893; x_wconf 92' lang='lat' dir='ltr'>non</span> <span class='ocrx_word' id='word_1_154' title='bbox 337 2825 390 2894; x_wconf 94' lang='lat' dir='ltr'>illi</span> <span class='ocrx_word' id='word_1_155' title='bbox 408 2832 529 2894; x_wconf 90' lang='lat' dir='ltr'>tamen</span> <span class='ocrx_word' id='word_1_156' title='bbox 549 2824 699 2893; x_wconf 89' lang='lat' dir='ltr'>liberum</span> <span class='ocrx_word' id='word_1_157' title='bbox 715 2826 898 2894; x_wconf 88' lang='lat' dir='ltr'>arbitrium</span> <span class='ocrx_word' id='word_1_158' title='bbox 918 2827 1154 2918; x_wconf 88' lang='lat' dir='ltr'>permittebat,</span> <span class='ocrx_word' id='word_1_159' title='bbox 1177 2835 1251 2896; x_wconf 88' lang='lat' dir='ltr'>tan·</span> 
     </span>
     <span class='ocr_line' id='line_1_24' title="bbox 127 2932 1251 3027; baseline -0.002 -24"><span class='ocrx_word' id='word_1_160' title='bbox 127 2956 237 3027; x_wconf 89' lang='lat' dir='ltr'>quam</span> <span class='ocrx_word' id='word_1_161' title='bbox 253 2933 313 3002; x_wconf 92' lang='lat' dir='ltr'>ille</span> <span class='ocrx_word' id='word_1_162' title='bbox 326 2939 462 3001; x_wconf 88' lang='lat' dir='ltr'>tantum</span> <span class='ocrx_word' id='word_1_163' title='bbox 479 2934 583 3020; x_wconf 80' lang='lat' dir='ltr'>Regis</span> <span class='ocrx_word' id='word_1_164' title='bbox 602 2932 763 3000; x_wconf 87' lang='lat' dir='ltr'>minister</span> <span class='ocrx_word' id='word_1_165' title='bbox 783 2940 886 3002; x_wconf 91' lang='lat' dir='ltr'>esset.</span> <span class='ocrx_word' id='word_1_166' title='bbox 911 2935 1033 3027; x_wconf 89' lang='lat' dir='ltr'>Itaque</span> <span class='ocrx_word' id='word_1_167' title='bbox 1053 2957 1134 3003; x_wconf 90' lang='lat' dir='ltr'>eum</span> <span class='ocrx_word' id='word_1_168' title='bbox 1149 2934 1251 3025; x_wconf 88' lang='lat' dir='ltr'>jubet</span> 
     </span>
     <span class='ocr_line' id='line_1_25' title="bbox 128 3039 1251 3136; baseline -0.002 -25"><span class='ocrx_word' id='word_1_169' title='bbox 128 3042 286 3136; x_wconf 91' lang='lat' dir='ltr'>primum</span> <span class='ocrx_word' id='word_1_170' title='bbox 301 3039 581 3132; x_wconf 86' lang='lat' dir='ltr'>presbyterorum</span> <span class='ocrx_word' id='word_1_171' title='bbox 596 3040 694 3108; x_wconf 90' lang='lat' dir='ltr'>vitiis</span> <span class='ocrx_word' id='word_1_172' title='bbox 710 3040 900 3109; x_wconf 85' lang='lat' dir='ltr'>attendere.</span> <span class='ocrx_word' id='word_1_173' title='bbox 920 3041 1008 3109; x_wconf 85' lang='lat' dir='ltr'>Cum</span> <span class='ocrx_word' id='word_1_174' title='bbox 1024 3047 1141 3109; x_wconf 89' lang='lat' dir='ltr'>autem</span> <span class='ocrx_word' id='word_1_175' title='bbox 1153 3039 1195 3110; x_wconf 92' lang='lat' dir='ltr'>de</span> <span class='ocrx_word' id='word_1_176' title='bbox 1210 3064 1251 3109; x_wconf 89' lang='lat' dir='ltr'>ea</span> 
     </span>
     <span class='ocr_line' id='line_1_26' title="bbox 129 3146 1250 3237; baseline -0.003 -19"><span class='ocrx_word' id='word_1_177' title='bbox 129 3171 167 3218; x_wconf 92' lang='lat' dir='ltr'>re</span> <span class='ocrx_word' id='word_1_178' title='bbox 182 3147 338 3216; x_wconf 86' lang='lat' dir='ltr'>marchio</span> <span class='ocrx_word' id='word_1_179' title='bbox 354 3146 540 3237; x_wconf 82' lang='lat' dir='ltr'>Bergensis</span> <span class='ocrx_word' id='word_1_180' title='bbox 560 3147 671 3214; x_wconf 89' lang='lat' dir='ltr'>multa</span> <span class='ocrx_word' id='word_1_181' title='bbox 691 3168 771 3214; x_wconf 89' lang='lat' dir='ltr'>cum</span> <span class='ocrx_word' id='word_1_182' title='bbox 792 3148 1033 3216; x_wconf 85' lang='lat' dir='ltr'>Maximiliano</span> <span class='ocrx_word' id='word_1_183' title='bbox 1057 3148 1250 3215; x_wconf 91' lang='lat' dir='ltr'>communi-</span> 
     </span>
     <span class='ocr_line' id='line_1_27' title="bbox 129 3252 1251 3346; baseline 0 -23"><span class='ocrx_word' id='word_1_184' title='bbox 129 3256 294 3331; x_wconf 83' lang='lat' dir='ltr'>cavisset,</span> <span class='ocrx_word' id='word_1_185' title='bbox 305 3253 446 3321; x_wconf 88' lang='lat' dir='ltr'>tandem</span> <span class='ocrx_word' id='word_1_186' title='bbox 461 3252 655 3345; x_wconf 76' lang='lat' dir='ltr'>Margarita</span> <span class='ocrx_word' id='word_1_187' title='bbox 669 3253 808 3345; x_wconf 90' lang='lat' dir='ltr'>scripsit</span> <span class='ocrx_word' id='word_1_188' title='bbox 824 3254 891 3322; x_wconf 91' lang='lat' dir='ltr'>sibi</span> <span class='ocrx_word' id='word_1_189' title='bbox 903 3260 937 3322; x_wconf 91' lang='lat' dir='ltr'>et</span> <span class='ocrx_word' id='word_1_190' title='bbox 948 3255 1111 3346; x_wconf 88' lang='lat' dir='ltr'>episcopo</span> <span class='ocrx_word' id='word_1_191' title='bbox 1124 3255 1251 3323; x_wconf 87' lang='lat' dir='ltr'>timen-</span> 
     </span>
     <span class='ocr_line' id='line_1_28' title="bbox 130 3359 1248 3453; baseline -0.001 -22"><span class='ocrx_word' id='word_1_192' title='bbox 130 3362 216 3431; x_wconf 92' lang='lat' dir='ltr'>dum</span> <span class='ocrx_word' id='word_1_193' title='bbox 227 3359 339 3428; x_wconf 88' lang='lat' dir='ltr'>videri</span> <span class='ocrx_word' id='word_1_194' title='bbox 348 3383 390 3427; x_wconf 90' lang='lat' dir='ltr'>ne</span> <span class='ocrx_word' id='word_1_195' title='bbox 399 3361 495 3429; x_wconf 89' lang='lat' dir='ltr'>brevi</span> <span class='ocrx_word' id='word_1_196' title='bbox 504 3360 765 3428; x_wconf 84' lang='lat' dir='ltr'>Maximilianus</span> <span class='ocrx_word' id='word_1_197' title='bbox 776 3384 833 3429; x_wconf 90' lang='lat' dir='ltr'>res</span> <span class='ocrx_word' id='word_1_198' title='bbox 845 3362 1029 3430; x_wconf 89' lang='lat' dir='ltr'>restituere</span> <span class='ocrx_word' id='word_1_199' title='bbox 1038 3383 1109 3429; x_wconf 91' lang='lat' dir='ltr'>non</span> <span class='ocrx_word' id='word_1_200' title='bbox 1121 3368 1248 3453; x_wconf 90' lang='lat' dir='ltr'>posset,</span> 
     </span>
     <span class='ocr_line' id='line_1_29' title="bbox 129 3466 1251 3560; baseline -0.003 -22"><span class='ocrx_word' id='word_1_201' title='bbox 129 3492 212 3545; x_wconf 89' lang='lat' dir='ltr'>cum</span> <span class='ocrx_word' id='word_1_202' title='bbox 222 3468 360 3536; x_wconf 89' lang='lat' dir='ltr'>Summi</span> <span class='ocrx_word' id='word_1_203' title='bbox 376 3467 558 3535; x_wconf 86' lang='lat' dir='ltr'>Pontificis</span> <span class='ocrx_word' id='word_1_204' title='bbox 573 3468 763 3536; x_wconf 89' lang='lat' dir='ltr'>auctoritas</span> <span class='ocrx_word' id='word_1_205' title='bbox 780 3468 821 3536; x_wconf 88' lang='lat' dir='ltr'>de</span> <span class='ocrx_word' id='word_1_206' title='bbox 836 3466 1011 3560; x_wconf 92' lang='lat' dir='ltr'>plerisque</span> <span class='ocrx_word' id='word_1_207' title='bbox 1023 3467 1127 3536; x_wconf 91' lang='lat' dir='ltr'>rebus</span> <span class='ocrx_word' id='word_1_208' title='bbox 1137 3470 1251 3559; x_wconf 90' lang='lat' dir='ltr'>requi-</span> 
     </span>
     <span class='ocr_line' id='line_1_30' title="bbox 129 3573 1252 3666; baseline 0 -23"><span class='ocrx_word' id='word_1_209' title='bbox 129 3582 285 3650; x_wconf 82' lang='lat' dir='ltr'>reretur3</span> <span class='ocrx_word' id='word_1_210' title='bbox 304 3573 522 3643; x_wconf 88' lang='lat' dir='ltr'>Valentianis</span> <span class='ocrx_word' id='word_1_211' title='bbox 538 3579 655 3642; x_wconf 86' lang='lat' dir='ltr'>tamen</span> <span class='ocrx_word' id='word_1_212' title='bbox 671 3581 706 3642; x_wconf 91' lang='lat' dir='ltr'>et</span> <span class='ocrx_word' id='word_1_213' title='bbox 725 3575 763 3642; x_wconf 92' lang='lat' dir='ltr'>in</span> <span class='ocrx_word' id='word_1_214' title='bbox 783 3575 863 3642; x_wconf 91' lang='lat' dir='ltr'>aliis</span> <span class='ocrx_word' id='word_1_215' title='bbox 883 3573 971 3642; x_wconf 90' lang='lat' dir='ltr'>locis</span> <span class='ocrx_word' id='word_1_216' title='bbox 991 3574 1109 3642; x_wconf 89' lang='lat' dir='ltr'>doctos</span> <span class='ocrx_word' id='word_1_217' title='bbox 1127 3575 1252 3666; x_wconf 83' lang='lat' dir='ltr'>praedi·</span> 
     </span>
     <span class='ocr_line' id='line_1_31' title="bbox 130 3680 1253 3774; baseline -0.002 -23"><span class='ocrx_word' id='word_1_218' title='bbox 130 3688 265 3751; x_wconf 87' lang='lat' dir='ltr'>catores</span> <span class='ocrx_word' id='word_1_219' title='bbox 284 3681 540 3773; x_wconf 88' lang='lat' dir='ltr'>prudentesque</span> <span class='ocrx_word' id='word_1_220' title='bbox 562 3680 779 3774; x_wconf 88' lang='lat' dir='ltr'>presbyteros</span> <span class='ocrx_word' id='word_1_221' title='bbox 800 3681 1048 3764; x_wconf 87' lang='lat' dir='ltr'>instituendos,</span> <span class='ocrx_word' id='word_1_222' title='bbox 1077 3703 1121 3750; x_wconf 86' lang='lat' dir='ltr'>ne</span> <span class='ocrx_word' id='word_1_223' title='bbox 1137 3682 1253 3750; x_wconf 87' lang='lat' dir='ltr'>catho-</span> 
     </span>
     <span class='ocr_line' id='line_1_32' title="bbox 131 3787 1252 3879; baseline 0.001 -22"><span class='ocrx_word' id='word_1_224' title='bbox 131 3790 210 3858; x_wconf 78' lang='lat' dir='ltr'>licae</span> <span class='ocrx_word' id='word_1_225' title='bbox 226 3787 383 3857; x_wconf 77' lang='lat' dir='ltr'>ecclesia</span> <span class='ocrx_word' id='word_1_226' title='bbox 398 3788 620 3871; x_wconf 85' lang='lat' dir='ltr'>adversariis,</span> <span class='ocrx_word' id='word_1_227' title='bbox 636 3789 698 3879; x_wconf 92' lang='lat' dir='ltr'>qui</span> <span class='ocrx_word' id='word_1_228' title='bbox 714 3787 860 3857; x_wconf 87' lang='lat' dir='ltr'>clericos</span> <span class='ocrx_word' id='word_1_229' title='bbox 875 3795 1088 3858; x_wconf 85' lang='lat' dir='ltr'>sacramenta</span> <span class='ocrx_word' id='word_1_230' title='bbox 1101 3788 1252 3860; x_wconf 82' lang='lat' dir='ltr'>vendere</span> 
     </span>
     <span class='ocr_line' id='line_1_33' title="bbox 130 3894 947 3976; baseline -0.001 -10"><span class='ocrx_word' id='word_1_231' title='bbox 130 3895 397 3976; x_wconf 88' lang='lat' dir='ltr'>contenderent,</span> <span class='ocrx_word' id='word_1_232' title='bbox 416 3895 652 3964; x_wconf 86' lang='lat' dir='ltr'>calumniandi</span> <span class='ocrx_word' id='word_1_233' title='bbox 667 3901 759 3965; x_wconf 84' lang='lat' dir='ltr'>esset</span> <span class='ocrx_word' id='word_1_234' title='bbox 774 3896 909 3964; x_wconf 89' lang='lat' dir='ltr'>occasio</span> <span class='ocrx_word' id='word_1_235' title='bbox 924 3894 947 3965; x_wconf 84' lang='lat'>⁸.</span> 
     </span>
    </p>
   </div>
   <div class='ocr_carea' id='block_1_3' title="bbox 162 4063 750 4129">
    <p class='ocr_par' dir='ltr' id='par_1_5' title="bbox 162 4063 750 4129">
     <span class='ocr_line' id='line_1_34' title="bbox 162 4063 750 4129; baseline 0.003 -14"><span class='ocrx_word' id='word_1_236' title='bbox 162 4065 188 4118; x_wconf 90' lang='grc'>1.</span> <span class='ocrx_word' id='word_1_237' title='bbox 199 4066 347 4125; x_wconf 67' lang='lat' dir='ltr'>rumam,</span> <span class='ocrx_word' id='word_1_238' title='bbox 363 4063 412 4129; x_wconf 86' lang='lat' dir='ltr'>Op.</span> <span class='ocrx_word' id='word_1_239' title='bbox 428 4064 475 4114; x_wconf 81' lang='lat' dir='ltr'>cit.</span> <span class='ocrx_word' id='word_1_240' title='bbox 493 4064 538 4126; x_wconf 89' lang='lat'>111,</span> <span class='ocrx_word' id='word_1_241' title='bbox 551 4080 577 4129; x_wconf 84' lang='lat' dir='ltr'>p.</span> <span class='ocrx_word' id='word_1_242' title='bbox 592 4064 640 4116; x_wconf 77' lang='lat' dir='ltr'>tos</span> <span class='ocrx_word' id='word_1_243' title='bbox 653 4066 680 4117; x_wconf 86' lang='lat' dir='ltr'>et</span> <span class='ocrx_word' id='word_1_244' title='bbox 693 4064 750 4117; x_wconf 73' lang='lat'><strong>399.</strong></span> 
     </span>
    </p>
   </div>
   <div class='ocr_carea' id='block_1_4' title="bbox 130 4161 1253 4310">
    <p class='ocr_par' dir='ltr' id='par_1_6' title="bbox 130 4161 1253 4310">
     <span class='ocr_line' id='line_1_35' title="bbox 162 4161 1253 4231; baseline 0.001 -15"><span class='ocrx_word' id='word_1_245' title='bbox 162 4165 188 4217; x_wconf 82' lang='lat'>2.</span> <span class='ocrx_word' id='word_1_246' title='bbox 203 4166 294 4216; x_wconf 74' lang='lat' dir='ltr'>Gnosis</span> <span class='ocrx_word' id='word_1_247' title='bbox 314 4177 368 4215; x_wconf 75' lang='lat' dir='ltr'>vau</span> <span class='ocrx_word' id='word_1_248' title='bbox 387 4161 570 4227; x_wconf 73' lang='lat' dir='ltr'>Priuernum,</span> <span class='ocrx_word' id='word_1_249' title='bbox 586 4163 714 4216; x_wconf 68' lang='lat' dir='ltr'>Aretissa</span> <span class='ocrx_word' id='word_1_250' title='bbox 729 4179 764 4216; x_wconf 85' lang='lat' dir='ltr'>ou</span> <span class='ocrx_word' id='word_1_251' title='bbox 783 4163 1031 4231; x_wconf 66' lang='lat' dir='ltr'>Commendamus</span> <span class='ocrx_word' id='word_1_252' title='bbox 1042 4163 1158 4218; x_wconf 71' lang='lat' dir='ltr'>ineditas</span> <span class='ocrx_word' id='word_1_253' title='bbox 1170 4164 1203 4215; x_wconf 78' lang='lat' dir='ltr'>de</span> <span class='ocrx_word' id='word_1_254' title='bbox 1226 4165 1253 4217; x_wconf 82' lang='lat' dir='ltr'>la</span> 
     </span>
     <span class='ocr_line' id='line_1_36' title="bbox 130 4242 663 4310; baseline -0.006 -12"><span class='ocrx_word' id='word_1_255' title='bbox 130 4246 235 4298; x_wconf 75' lang='lat' dir='ltr'>naim</span> <span class='ocrx_word' id='word_1_256' title='bbox 249 4242 510 4309; x_wconf 66' lang='lat' dir='ltr'>domnoc-Nauae,</span> <span class='ocrx_word' id='word_1_257' title='bbox 527 4243 549 4306; x_wconf 86' lang='lat'>1,</span> <span class='ocrx_word' id='word_1_258' title='bbox 563 4258 590 4310; x_wconf 76' lang='lat' dir='ltr'>p.</span> <span class='ocrx_word' id='word_1_259' title='bbox 605 4243 663 4295; x_wconf 85' lang='grc'><strong>118.</strong></span> 
     </span>
    </p>
   </div>
   <div class='ocr_carea' id='block_1_5' title="bbox 163 4340 490 4407">
    <p class='ocr_par' dir='ltr' id='par_1_7' title="bbox 163 4340 490 4407">
     <span class='ocr_line' id='line_1_37' title="bbox 163 4340 490 4407; baseline -0.003 -13"><span class='ocrx_word' id='word_1_260' title='bbox 163 4343 189 4396; x_wconf 79' lang='grc'>3.</span> <span class='ocrx_word' id='word_1_261' title='bbox 199 4343 348 4403; x_wconf 63' lang='lat' dir='ltr'>Panum,</span> <span class='ocrx_word' id='word_1_262' title='bbox 359 4340 394 4406; x_wconf 84' lang='lat'>11,</span> <span class='ocrx_word' id='word_1_263' title='bbox 408 4356 434 4407; x_wconf 78' lang='lat' dir='ltr'>p.</span> <span class='ocrx_word' id='word_1_264' title='bbox 449 4341 490 4395; x_wconf 76' lang='lat'>92.</span> 
     </span>
    </p>
   </div>
   <div class='ocr_carea' id='block_1_6' title="bbox 0 0 1489 5076">
    <p class='ocr_par' dir='ltr' id='par_1_8' title="bbox 0 0 1489 5076">
     <span class='ocr_line' id='line_1_38' title="bbox 0 0 1489 5076; baseline 0 0"><span class='ocrx_word' id='word_1_265' title='bbox 0 0 1489 5076; x_wconf 95' lang='lat' dir='ltr'> </span> 
     </span>
    </p>
   </div>
  </div>
 </body>
</html>
