2968 5072
279 375 338 438 lte
680 391 718 438 oa
740 390 832 438 saun
853 391 1000 439 omnam

275 557 356 604 cum
370 534 481 627 gratia
493 535 667 627 generalis
683 537 910 626 pronunciata
921 541 985 618 eet,
997 534 1132 628 legatus
1141 538 1246 631 Regis
1256 541 1386 625 Gallia,

272 642 461 724 Ferralius,
490 648 525 711 et
552 643 642 712 inter
660 642 848 711 historicos
862 642 983 711 Strada
996 644 1109 735 (quia
1136 647 1294 717 Ferralio
1323 672 1385 717 non

273 749 419 819 dissidet
436 756 471 818 et
485 749 582 818 addit
593 773 680 841 quas
694 756 779 818 tunc
794 750 905 842 egerit
917 755 1031 841 partes
1046 752 1322 846 Maximilianus)
1338 780 1385 824 ras

271 857 530 926 accuratissime
555 863 813 926 enarraverunt.
836 856 1056 947 Quanquam,
1081 859 1130 927 ait
1151 854 1300 945 Strada⁴,
1322 886 1385 931 ma·

268 986 375 1054 gnam
389 964 512 1054 gratiae
525 968 659 1055 partem
672 962 868 1031 cunctando
888 973 1101 1054 corruperat,
1123 989 1142 1031 a
1166 965 1258 1034 nihil
1274 973 1385 1038 tamen

267 1070 426 1140 Albanus
453 1070 586 1152 omisit,
616 1092 686 1162 quo
701 1069 883 1160 magnifice
896 1067 931 1137 id
958 1069 1171 1139 beneficium
1200 1072 1384 1165 Belgarum

267 1177 406 1270 populis
419 1177 610 1246 exhiberet.
630 1177 720 1245 Nam
742 1178 918 1268 proiectus
933 1175 1173 1269 Antverpiam,
1198 1179 1385 1250 indictam-

267 1307 333 1377 que
378 1283 668 1376 supplicationem
704 1282 748 1352 ad
776 1282 981 1374 primarium
1017 1284 1171 1374 Virginis
1216 1288 1384 1380 templum

266 1391 416 1483 superbo
432 1392 505 1482 ipse
519 1398 647 1459 ornatu
666 1391 864 1473 comitatus,
888 1397 965 1481 post
988 1389 1190 1461 concionem
1213 1394 1257 1461 ab
1281 1395 1383 1466 Urbis

265 1498 428 1590 episcopo
440 1497 575 1590 Belgica
591 1496 759 1576 habitam,
773 1496 981 1566 sacrificanti
994 1496 1384 1571 CameracensiArchie

264 1605 408 1696 piscopo
436 1627 516 1673 cum
543 1604 638 1695 regio
655 1605 785 1673 Senatu
801 1602 969 1672 interfuit.
986 1604 1058 1672 Sub
1087 1605 1194 1675 finem
1223 1609 1380 1677 sacrificii

263 1711 306 1781 ab
320 1711 444 1781 eodem
455 1712 695 1781 cameracensi
709 1710 871 1803 perlectae
900 1717 981 1778 sunt
996 1711 1177 1779 Pontificis
1201 1714 1257 1781 Pii
1277 1715 1308 1784 V
1329 1716 1380 1783 lit·
1472 1758 1473 1819 ἶ

264 1822 360 1902 torae,
377 1818 505 1910 quibus
518 1817 643 1887 baeresi
656 1817 847 1910 implicitos
867 1817 1091 1887 absolvebat.
1115 1817 1264 1888 Addidit
1282 1822 1380 1890 Atre·

263 1922 417 1994 batensis
432 1910 614 2017 episcopus
629 1947 733 2016 super
748 1923 870 2002 eodem
891 1930 1094 2014 argumento
1116 1924 1291 1995 Gallicam
1309 1951 1381 1997 ora·

262 2032 404 2116 tionem,
420 2033 587 2125 populum
602 2032 817 2114 cohortatus,
839 2035 951 2122 grates
971 2044 1010 2099 ut
1035 2031 1109 2099 Deo
1124 2043 1245 2124 ageret
1266 2058 1328 2127 pro
1342 2059 1381 2104 ea

262 2139 443 2210 Pontifiois
480 2139 654 2232 Regisqua
689 2138 872 2208 clementia
900 2147 933 2205 et
966 2138 1094 2206 Albani
1137 2141 1380 2231 gubernatoris

263 2268 380 2337 opera.
399 2247 484 2330 Qua
500 2246 584 2315 dum
600 2245 757 2338 pluribus
779 2243 974 2325 extolleret,
990 2246 1182 2336 repentinis
1198 2247 1377 2318 doloribus

263 2360 441 2446 correptus
474 2360 578 2447 atque
600 2357 797 2443 esuggesto
813 2351 981 2434 sublatae,
998 2352 1120 2420 multis
1142 2352 1185 2420 ad
1215 2357 1380 2448 supersti-

262 2461 394 2530 tionem
428 2461 548 2529 omnia
577 2458 793 2528 trahentibus
829 2459 1047 2549 inauspicato
1078 2457 1223 2542 dixisse,
1249 2487 1381 2534 succes·

207 2573 212 2583 '
263 2589 373 2659 suque
389 2590 461 2635 non
475 2569 612 2636 favente
624 2566 817 2658 suscepisse
835 2587 974 2633 causam
994 2565 1089 2634 visus
1104 2573 1173 2656 test.
1201 2593 1220 2635 a

306 2675 349 2742 In
364 2673 573 2742 caeremonia
603 2672 710 2761 igitur
738 2672 911 2741 matutina
937 2672 1067 2762 primas
1092 2682 1244 2764 egerunt
1273 2682 1383 2769 partes

264 2781 418 2873 episcopi
448 2779 552 2849 atilli
566 2780 760 2872 praesertim
776 2780 835 2871 qui
860 2778 1082 2857 clementiam
1099 2802 1237 2873 semper
1266 2785 1383 2855 lauda-

261 2894 394 2970 verant,
411 2887 672 2957 Maximilianus
687 2892 722 2955 et
736 2876 981 2954 Richardotus.
995 2886 1064 2954 Sed
1079 2910 1183 2956 omen
1192 2889 1381 2973 funestum,

262 2995 354 3088 quod
381 3019 423 3065 ex
451 2996 644 3087 interrupta
663 2994 817 3063 oratione
837 2978 1018 3085 acciptum
1038 3001 1101 3078 est,
1130 2997 1322 3067 recitatum
1348 3001 1382 3068 in

262 3125 389 3196 pompa
403 3103 600 3195 vespertina
614 3102 720 3192 Regis
736 3100 889 3191 diploma
909 3100 1008 3191 quasi
1031 3102 1286 3193 comprobavit.
1308 3108 1382 3176 Ete-

260 3211 348 3294 nim,
381 3209 468 3279 ‹ad
495 3230 690 3302 vesperam,
708 3208 754 3275 ait
775 3207 909 3289 Strada,
926 3206 1083 3275 Albanus
1110 3208 1297 3280 Nobilium
1325 3215 1382 3282 sti-

260 3321 362 3409 patus
377 3317 518 3408 agmine
541 3316 578 3385 iu
598 3317 716 3384 iorum
740 3313 933 3382 maximum
956 3315 1063 3382 venit.
1090 3315 1223 3384 Forum
1248 3319 1382 3388 infinita

261 3424 447 3492 hominum
460 3422 650 3492 multitudo
675 3420 886 3515 oppleverat,
912 3419 1082 3512 disposito
1104 3420 1147 3489 ad
1172 3426 1289 3516 capita
1312 3427 1383 3495 via·

262 3553 341 3598 rum
361 3530 485 3609 milite,
509 3554 548 3599 ac
571 3528 789 3617 multitudini
812 3527 944 3618 passim
969 3528 1137 3597 immisto.
1169 3530 1257 3602 lnde
1285 3557 1381 3603 cons-

263 3660 366 3706 censo
390 3637 509 3730 ligneo
534 3638 682 3715 theatro,
701 3636 929 3727 conspicuum
960 3658 1044 3704 auro
1073 3635 1203 3704 solium
1219 3641 1380 3709 sublimis

262 3743 399 3824 insedit,
418 3765 516 3812 sacro
531 3745 707 3812 accinctus
722 3741 838 3834 gladio
854 3747 887 3810 et
909 3740 1026 3833 galero
1043 3746 1167 3827 tectus,
1191 3767 1283 3835 quos
1303 3747 1378 3816 reli·

260 4020 262 4024 ,
293 3966 317 4018 1.
334 3967 453 4028 aanor,
468 3968 507 4018 oe
520 3966 593 4018 aeuo
605 3966 717 4030 serpso,
733 3964 1020 4028 muranenses.

292 4065 317 4115 2.
334 4084 348 4112 «
365 4065 483 4116 Solemnl
497 4066 682 4131 supplioedone
696 4064 723 4113 et
739 4063 862 4113 sacrilloio
876 4064 925 4114 rita
937 4064 1045 4127 peractis
1056 4065 1252 4117 Cameracensis
1266 4071 1377 4120 Andrias

261 4143 384 4197 littereas
398 4146 444 4198 Pio
456 4145 481 4195 V
495 4146 601 4208 largitas
613 4143 738 4203 recitavit,
754 4144 847 4208 quibus
856 4141 985 4194 haereseos
997 4144 1098 4193 ventam
1115 4146 1282 4200 condonabat
1295 4150 1378 4213 Belgis

261 4227 347 4291 amplo
359 4226 456 4276 lavore.
469 4244 483 4272 ι
497 4225 671 4289 (Ferdiuoudi
687 4222 805 4272 Toletani
819 4220 893 4271 Alba
907 4224 982 4273 aare
995 4223 1050 4273 atta
1069 4225 1096 4273 ct
1107 4237 1149 4274 rea
1161 4229 1252 4289 perta,
1267 4231 1378 4282 Authore

262 4306 294 4358 P.
309 4307 432 4359 turono
443 4306 568 4366 Ossosro,
578 4320 604 4368 p.
619 4303 743 4366 384-386).
