2958 5076
270 363 328 425 126
653 382 691 427 as
713 382 804 427 vanu
827 383 976 429 curasan

269 521 331 591 sed
352 523 581 607 recreandos3
604 529 639 592 et
658 525 695 593 in
713 524 868 595 Concilio
886 524 1003 595 Status
1021 525 1155 617 Viglius
1179 527 1378 597 exclamavit

265 629 439 699 monacho
456 631 572 723 potius
587 653 690 724 quam
704 631 878 725 episcopis
894 635 1027 725 Regem
1043 635 1183 703 credere
1217 689 1225 704 .

308 737 349 806 ln
369 737 491 829 Belgio
515 737 615 807 aliter
642 748 745 831 atque
767 740 804 807 in
826 741 994 833 Hispania
1011 741 1127 810 visum
1149 748 1213 811 est.
1239 744 1382 835 Accepto

256 843 491 913 Gheusiorum
511 844 644 925 libello,
664 845 859 938 Margarita
882 847 998 916 Caroli
1019 849 1050 917 V
1069 848 1183 917 edicta
1203 850 1383 941 mitiganda
1464 860 1465 875 ¹

262 974 336 1021 esse
352 952 504 1039 censuit3
516 960 561 1037 et,
575 960 613 1021 ut
626 954 735 1021 animi
751 961 1054 1047 componerentur,
1067 956 1263 1025 Concilium
1276 959 1382 1026 Status

267 1060 429 1143 edictum,
459 1060 553 1152 quod
578 1058 621 1128 ad
654 1061 845 1153 mitiganda
873 1061 1010 1131 decreta
1038 1063 1075 1130 in
1107 1063 1294 1133 haereticos
1321 1064 1383 1132 lata
1464 1052 1465 1115 ἒ

260 1167 398 1259 Viglius
431 1174 465 1236 et
486 1166 721 1237 Assonvillius
750 1168 997 1249 instruxerant,
1024 1171 1289 1261 provinciarum
1310 1171 1379 1240 Sta-

258 1275 352 1344 tibus
368 1274 532 1344 exhibere
554 1276 675 1344 statuit
687 1276 709 1344 ¹.
735 1276 809 1345 Hoc
831 1277 938 1367 igitur
952 1276 1106 1346 edictum
1120 1278 1297 1372 pleraeque
1312 1300 1382 1371 pro⁴
1464 1338 1465 1359 ,

265 1383 389 1452 viuciae
422 1381 681 1475 probaverunt:
714 1383 752 1450 in
783 1383 928 1452 Artesiae
957 1383 1199 1477 Flandriaeque
1235 1386 1381 1455 Statibus
1464 1366 1465 1391 ¹

265 1489 420 1582 episcopi
434 1489 684 1570 Atrebatensis,
696 1490 1073 1583 Andomaropolitanus
1088 1491 1098 1518 ⁸
1122 1494 1379 1586 Yprensisque⁴

265 1597 348 1665 huic
363 1596 573 1666 clericorum
592 1602 673 1665 voto
699 1598 978 1689 subscripserunt
997 1605 1036 1667 ut
1055 1599 1252 1669 clementiae
1269 1622 1382 1669 aurem
1464 1620 1465 1661 l

264 1705 416 1796 praebere
430 1704 591 1774 elediata
605 1705 766 1795 mitigare
782 1705 867 1796 Regi
883 1704 1047 1796 placeret,

310 1812 363 1880 Ex
390 1811 461 1879 illis
484 1811 657 1904 episcopis
675 1812 734 1879 alii
762 1816 844 1880 suut
869 1812 1099 1881 Maximiliani
1114 1815 1385 1908 suffraganei,ut
1464 1800 1465 1879 Ῠ

261 1919 497 1988 Atrebatensis
532 1918 775 2001 Richardotus,
812 1919 1203 2011 Audomaropolitanus‚
1238 1921 1382 1991 Namur-
1464 1950 1465 1963 ¹

265 2027 379 2095 censis
396 2026 707 2118 Tornacensisque,
729 2026 789 2093 alii
814 2031 896 2094 sunt
920 2027 1178 2096 Cameracensis
1198 2029 1379 2121 provincia
1464 2052 1465 2077 ÷

263 2134 383 2219 vicini,
412 2139 452 2202 ut
480 2133 645 2227 Yprensis
667 2138 702 2201 et
724 2133 971 2203 Gandavensis.
1007 2134 1159 2204 Cunctos
1189 2137 1378 2205 clementiae
1464 2220 1465 2223 Ἴ

263 2242 362 2333 quasi
374 2241 487 2309 socios
496 2242 709 2332 comitesque
722 2240 844 2309 habuit
856 2241 1130 2321 Maximilianus,
1140 2264 1294 2333 quorum
1310 2242 1376 2324 alii,
1464 2274 1465 2309 1

262 2355 388 2417 natura
411 2354 472 2417 aut
486 2347 594 2442 animi
609 2347 864 2437 magnitudine,
882 2353 922 2417 ut
936 2347 1048 2417 edicta
1058 2349 1312 2441 mitigarentur,
1330 2350 1380 2418 vel
1464 2380 1465 2435 3

263 2461 341 2523 ante
356 2456 480 2523 Albani
498 2455 698 2534 adventum,
716 2456 898 2547 petierant,
924 2456 982 2523 alii
998 2459 1119 2547 postea
1139 2462 1279 2525 tantum
1294 2456 1377 2525 nihil
1464 2464 1465 2493 ³

262 2561 306 2631 ad
320 2585 442 2653 pacem
457 2561 706 2632 restituendam
722 2562 893 2654 supplicia
907 2562 1074 2654 proficere
1091 2571 1323 2655 agnoverunt.

306 2671 400 2737 luter
426 2671 663 2761 suffraganeos
690 2692 771 2738 cum
794 2670 1003 2738 Richardoto
1029 2671 1182 2739 maxime
1208 2673 1381 2741 consensit
1464 2656 1465 2749 i

264 2777 535 2845 Maximilianus.
562 2777 786 2869 Temperatus
811 2799 946 2870 semper
972 2778 1207 2847 Richardotus
1233 2781 1288 2848 vir
1318 2780 1381 2847 luit
1464 2762 1465 2849 l

263 2886 483 2978 multumque
509 2884 601 2977 apud
624 2884 914 2968 Maximiliauum,
933 2886 992 2977 qui
1018 2907 1058 2953 eo
1083 2884 1283 2976 plurimum
1304 2892 1381 2955 ute-

259 2995 372 3077 batur,
413 2992 630 3062 auctoritatis
675 2991 809 3060 habuit.
849 2994 953 3070 Eum,
989 3015 1070 3060 cum
1119 2993 1379 3063 Maximilianus

259 3099 1050 3194 archiepiscopatumaceepit,cdeExcellentia
1061 3099 1378 3193 archiepiscopatus
1464 3170 1465 3195 ,

257 3232 361 3302 super
375 3208 461 3277 alios
473 3208 685 3300 episcopos»
696 3207 888 3275 orationem
899 3207 1084 3275 habentem
1097 3229 1203 3298 supra
1211 3209 1375 3289 vidimus,
1464 3218 1465 3231 ¹

258 3318 342 3385 item
355 3317 392 3384 in
405 3316 537 3408 synodo
549 3337 640 3383 anno
651 3317 736 3384 1565
747 3314 981 3382 habitaverba
991 3313 1176 3383 facientem
1185 3337 1193 3396 ;
1202 3315 1232 3382 is
1239 3338 1377 3409 quoque

260 3448 295 3492 se
306 3420 835 3514 interMaximilianumejusque
847 3419 1041 3513 capitulum
1052 3421 1378 3492 inconciliationem

259 3532 478 3624 interposuit.
516 3530 592 3600 Una
624 3528 856 3597 Richardotus
892 3527 1223 3620 Maximilianusque
1255 3530 1378 3601 Valen-

259 3640 370 3707 tianas
391 3642 643 3720 convenerunt,
662 3659 737 3728 quae
759 3637 850 3704 iuter
871 3636 1134 3704 Atrebatensem
1149 3636 1374 3707 Cameracen-

259 3770 401 3840 semque
424 3744 608 3815 ecclesiam
631 3744 851 3834 inaequaliter
871 3743 1006 3834 partitae
1032 3747 1146 3824 erant;
1174 3767 1247 3813 una
1272 3747 1374 3815 etiam

257 3853 312 3924 die
337 3857 357 3923 5
372 3852 505 3922 mensis
520 3852 672 3922 octobris
689 3854 788 3935 1562,
805 3851 974 3934 Duacum,
992 3873 1072 3919 cum
1094 3851 1270 3922 Duacenae
1285 3854 1376 3924 Aca-

285 4005 309 4057 1.
327 4004 467 4066 Gscaaao,
482 4002 603 4068 Correrp.
618 4003 655 4052 alu
662 4003 757 4069 priore
770 4001 912 4067 d'Oracpe,
925 4006 943 4053 t.
959 4001 1004 4065 VI,
1017 4016 1044 4065 p.
1058 4001 1115 4052 399.

285 4105 309 4156 2.
325 4103 437 4157 Kanum
453 4117 486 4153 oa
495 4103 681 4163 barranum,
701 4101 749 4166 Op.
762 4101 823 4164 cit,
839 4100 859 4162 l,
872 4115 898 4164 p.
910 4100 965 4151 315.

285 4203 310 4254 3.
325 4203 446 4266 Correep.
461 4201 494 4251 dc
506 4200 655 4262 Granvelle,
667 4201 687 4259 I,
698 4215 723 4263 p.
734 4200 790 4252 298.

286 4305 311 4354 4.
326 4300 365 4352 Da
380 4299 537 4362 Marsum,
549 4297 667 4350 Historia
678 4297 766 4362 epac.
784 4296 913 4361 Yprensis,
927 4310 954 4358 p.
967 4296 1008 4348 32.
