2988 5078
246 452 284 512 ΙΙ
591 468 630 513 ur
650 468 849 514 unximuauo
871 469 890 512 i
912 468 1017 512 aaaors

247 613 451 694 visceretur,
483 610 701 679 Morillonius
732 610 940 679 cardinalem
978 610 1139 678 hortatus
1176 617 1226 679 est
1262 618 1302 680 ut.
1335 614 1367 680 ei

249 716 425 809 exemplar
450 717 603 785 mitteret
625 716 742 799 bullae,
760 741 828 808 qua
859 718 940 785 novi
969 716 1188 809 episcopatus
1218 719 1367 786 instituti

248 829 363 893 essent
383 828 417 892 et
439 823 670 892 Granvellauo
690 825 859 917 primatus
886 847 1084 907 concessus,
1107 825 1199 914 quod
1219 849 1366 917 semper,

250 932 374 1023 inquit,
386 932 646 1000 Cameracensis
662 931 898 999 stomachatus
914 937 965 998 est
978 932 1000 998 ⁴.

292 1039 406 1107 Titulo
425 1043 563 1106 tantum
588 1037 817 1106 Maximiliani
839 1039 1027 1106 auctoritas
1057 1043 1161 1106 aucta
1190 1042 1254 1116 est,
1288 1062 1369 1107 nam

247 1150 361 1238 reipsa
375 1146 470 1237 regio
487 1146 602 1213 minor
618 1145 859 1213 Cameracensi
877 1144 1033 1213 ecclesiae
1058 1144 1214 1234 subjecta
1232 1150 1296 1214 est.
1316 1146 1368 1213 Ad

250 1253 535 1322 cameracensem
582 1253 796 1345 provinciam
835 1251 1032 1344 pertinuere
1068 1250 1245 1333 dioecesea
1293 1276 1368 1344 qua

250 1367 350 1429 antea
368 1360 557 1452 provinciae
577 1359 759 1427 Remensis
776 1363 884 1438 eraut,
899 1357 1150 1440 Atrebatensi3‚
1167 1360 1370 1428 'lornacen-

250 1469 310 1543 sis,
326 1490 414 1536 nova
429 1466 786 1558 Audomaropolitana
796 1488 838 1533 ex
849 1465 1056 1533 Morinensis
1068 1465 1227 1556 portione
1239 1472 1368 1551 creata,

250 1581 285 1644 et
308 1574 568 1651 Namurcensis,
592 1596 669 1665 quae
690 1573 731 1642 ab
752 1571 899 1641 ecclesia
926 1572 1167 1642 Cameracensi
1192 1572 1371 1665 disjuncta

250 1688 314 1751 est.
347 1680 502 1749 Perdidit
534 1685 663 1759 autem,
705 1680 798 1771 quod
827 1702 953 1769 magno
984 1679 1014 1748 ei
1045 1679 1253 1748 detrimento
1291 1682 1369 1757 luit,

251 1788 568 1857 archidiaconatum
593 1789 897 1880 Antverpieusem‚
933 1788 993 1877 qui
1017 1809 1128 1854 novus
1150 1788 1371 1880 episcopatus

250 1897 363 1964 factus
378 1901 440 1977 est,
471 1900 505 1963 et
530 1894 852 1964 archidiaconatum
881 1894 1154 1971 Bruxellensem,
1174 1896 1232 1985 qui
1259 1896 1370 1963 archi-

252 2005 413 2095 episcopo
431 2002 670 2071 Ileohliniensi
690 2003 841 2070 tributus
866 2006 932 2081 est;
961 2001 1043 2067 item
1068 2024 1110 2069 ex
1131 2001 1370 2093 duodeviginti

253 2113 402 2201 quatuor
415 2108 614 2177 decanatus.

295 2216 418 2308 Itaque
448 2218 534 2284 fines
568 2216 724 2284 eeclesiae
759 2215 1019 2283 Cameracensis
1051 2219 1084 2281 et
1110 2216 1370 2285 Mechliniensis

253 2324 439 2391 terminare
476 2324 607 2390 volenti
644 2322 872 2390 liranvellano
902 2320 1162 2390 Maximilianus
1194 2323 1369 2392 obstitisse

251 2430 402 2509 videtur,
420 2437 454 2498 et
471 2429 634 2496 cardinali
651 2430 790 2520 scripsit
806 2428 942 2518 Viglius
964 2451 1045 2496 eum
1059 2451 1132 2496 non
1153 2430 1227 2497 sine
1242 2453 1370 2523 magno

252 2536 398 2605 artificio
419 2538 453 2604 in
478 2537 734 2627 possessionem
759 2536 1005 2627 parochiarum
1035 2535 1190 2604 ecclesiae
1211 2537 1372 2606 Camera-

252 2645 376 2721 censis,
398 2667 474 2734 quae
500 2643 740 2711 Mechliniensi
762 2642 902 2710 tributae
933 2648 1058 2725 essent,
1090 2641 1223 2711 iturum
1251 2668 1328 2713 esse
1343 2652 1369 2722 ’ς

252 2772 324 2818 non
346 2749 493 2817 artificio
510 2749 686 2818 utendum*
710 2772 784 2818 esse
813 2748 1064 2818 Granvellanus
1093 2750 1284 2841 respondit,
1313 2753 1371 2821 sed
1470 2796 1471 2841 3

253 2856 417 2925 officiales
447 2858 711 2925 Cameraceuses
737 2863 874 2925 tantum
903 2856 1137 2925 detrudendos
1164 2863 1199 2925 et
1225 2859 1283 2948 jus
1308 2883 1371 2928 suo
1470 2930 1471 2947 χ

253 2965 395 3033 nomine
425 2964 611 3033 dicendum
641 3016 648 3031 .
681 2962 959 3032 Maximilianum
997 2963 1113 3055 ipsum
1148 2965 1368 3057 objurgabat.

253 3072 440 3164 quodcum
460 3071 680 3140 Brabantinis
710 3073 863 3140 Statibus
893 3094 928 3139 se
957 3070 1197 3161 conjunxisset
1225 3096 1269 3141 ne
1296 3098 1367 3144 suae
1470 3128 1471 3131 ,

253 3180 411 3248 dioecesis
426 3179 532 3270 partis
548 3180 583 3246 in
596 3179 925 3269 possessionemiret
939 3184 961 3245 ⁸.
979 3177 1197 3247 Morillouius
1209 3180 1373 3249 Granvel-
1470 3192 1471 3205 ¹

253 3286 373 3355 lanum
389 3286 587 3378 impellebat
602 3291 640 3353 ut
655 3285 882 3353 Maximiliani
905 3285 1006 3353 malae
1027 3287 1198 3355 voluntati
1215 3288 1371 3356 crederet
1470 3312 1471 3339 ÷

254 3394 353 3487 cique
368 3394 405 3461 in
419 3393 628 3461 memoriam
641 3392 828 3460 reducebat
842 3392 925 3482 quid
945 3415 1025 3459 cum
1046 3393 1202 3461 Statihus
1212 3380 1254 3461 'et
1268 3394 1371 3463 abha-
1470 3432 1471 3443 κ

254 3501 347 3569 tihus
362 3499 582 3568 Brahantinis
596 3505 630 3567 et
645 3498 845 3567 marchione
864 3499 1030 3590 Bergensi
1053 3505 1172 3567 contra
1192 3501 1371 3594 episcopos

255 3607 513 3675 Maximilianus
529 3606 673 3674 molitus
687 3612 776 3674 esset
791 3613 815 3673 ⁶.
841 3605 1102 3675 Maximilianus
1123 3610 1240 3676 autem
1258 3609 1373 3676 Gran-

255 3714 389 3782 vellano
414 3714 552 3806 scripsit
572 3737 608 3781 se
630 3735 810 3802 nunquam
828 3713 996 3805 impedire
1015 3713 1166 3782 voluisse
1185 3717 1371 3803 quominus
1413 3794 1418 3805 ⁵

255 3822 292 3890 in
321 3819 508 3913 provinciae
541 3820 797 3890 Mechliniensis
836 3820 1088 3912 possessionem
1123 3820 1371 3890 Granvellanus

287 3982 310 4032 l.
329 3982 447 4046 Correap.
463 3982 495 4030 de
508 3979 656 4041 Gronoelle,
671 3979 692 4039 1,
705 3996 731 4044 p.
749 3979 805 4031 294.

284 4082 307 4132 2.
323 4081 434 4144 rapteri·
448 4080 548 4140 uetat,
564 4078 630 4140 VIII,
641 4093 666 4141 p.
680 4078 736 4128 493.

284 4179 308 4229 3.
325 4177 404 4238 leid„
416 4177 494 4239 IX‚p.
506 4175 550 4226 85.

282 4276 306 4327 4.
320 4277 394 4327 Corr.
406 4274 439 4323 de
456 4272 602 4334 Gronvelle,
617 4274 638 4337 1,
652 4290 677 4339 p.
697 4273 806 4325 loa-loo
822 4275 875 4338 (die
888 4274 918 4324 12
934 4275 1031 4324 mensis
1049 4275 1136 4327 Martii
1154 4275 1234 4339 1566).

282 4375 306 4425 5.
322 4371 445 4433 Ibid.,11‚
460 4386 487 4435 p.
503 4371 615 4422 487488.
