2958 5076
265 338 324 400 128
665 354 703 401 nn
725 355 983 404 causaremur

197 526 201 539 ·
264 517 390 588 porum
414 472 568 581 nomine,
586 496 630 566 ad
648 498 785 568 veniam
805 497 1005 592 generalem
1020 498 1279 592 impetrandam
1293 500 1375 592 apud

165 672 170 679 ,
263 601 439 672 Albanum
454 604 551 673 dixit.

308 709 401 779 Inter
437 709 524 780 alios
566 711 792 780 Maximiliani
833 714 1085 805 suffraganeae,
1131 714 1373 782 Namurcensis

263 817 460 912 episcopus,
498 820 672 888 Antonius
703 820 883 903 Havetius,
919 844 991 889 non
1020 821 1068 890 ita
1099 827 1312 914 temperatus
1342 845 1374 890 ac

264 925 435 1019 benignus
449 926 526 996 luit.
545 926 705 995 Primum
717 925 834 995 Mariae
850 928 1070 1020 Hungaricae,
1096 928 1221 998 deinde
1248 928 1375 1021 Marga-

265 1033 340 1101 ritae
354 1034 534 1102 Parmensi
553 1057 573 1101 a
592 1034 697 1102 sacris
716 1035 994 1104 confessionibus
1015 1038 1139 1104 luerat.
1160 1035 1215 1103 Ad
1240 1036 1374 1104 Triden-

264 1141 378 1209 tinum
409 1140 605 1210 Concilium
634 1142 709 1221 ivit,
731 1141 791 1210 ubi
808 1142 932 1234 saepius
943 1142 1047 1211 verba
1062 1144 1144 1211 tecit
1164 1150 1198 1211 et
1218 1144 1319 1235 petiit
1343 1150 1376 1212 ut

264 1246 325 1317 illa
345 1248 449 1317 etiam
478 1247 625 1333 decreta,
644 1271 720 1340 quae
751 1248 860 1340 Belgii
888 1249 1079 1341 privilegiis
1108 1250 1263 1319 maxime
1289 1257 1376 1320 erant

264 1356 447 1436 contraria,
478 1353 764 1441 observarentur¹.
795 1357 1053 1425 commercium
1089 1355 1288 1426 litterarum
1319 1359 1375 1426 fre

262 1463 442 1556 quentavit
470 1486 551 1531 cum
581 1463 824 1543 Granvellano‚
850 1465 906 1532 cui
928 1463 970 1534 de
994 1465 1143 1555 Belgicis
1172 1465 1278 1535 rebus
1299 1465 1373 1534 scri-

260 1571 341 1640 bere
358 1569 491 1639 solebat
509 1575 543 1638 et
565 1593 584 1639 e
603 1569 823 1639 Granvellani
844 1569 969 1640 litteris
987 1571 1148 1640 videmus
1168 1575 1293 1666 quanti
1310 1597 1374 1641 car-

261 1678 389 1747 dinalis
418 1700 498 1746 eum
530 1680 667 1747 faceret.
703 1677 783 1746 Non
815 1679 1000 1769 ignorabat
1032 1684 1118 1771 quot
1151 1679 1188 1748 in
1220 1681 1374 1765 concilia,

263 1809 354 1854 anno
374 1787 458 1855 1565
472 1785 604 1867 habito,
621 1785 822 1854 inimicitias
836 1788 1064 1879 suscepisset:
1084 1788 1213 1857 cotidie
1228 1811 1303 1857 esse
1324 1789 1376 1881 qui

263 1895 330 1987 ipsi
345 1898 495 1962 mortem
511 1893 775 1977 minitarentur;
802 1892 881 1962 illas
904 1898 1020 1963 autem
1040 1895 1152 1963 minas
1175 1919 1211 1964 se
1238 1897 1374 1964 minima

265 2002 412 2070 curare'.
426 2001 577 2084 Etenim,
600 2025 681 2069 cum
696 2002 844 2085 multos,
865 2003 953 2071 inter
972 2008 1060 2093 q'uos
1080 2010 1177 2072 erant
1196 2005 1375 2096 episcopus

263 2109 498 2177 Atrebatensis
514 2114 547 2177 et
563 2109 943 2201 Andomaropolitanus
963 2117 997 2178 et
1014 2110 1193 2202 Yprensis,
1214 2116 1330 2202 petere
1345 2117 1379 2178 ut

265 2216 378 2286 Caroli
394 2215 424 2285 V
442 2216 581 2286 decreta
595 2217 849 2306 mitigarentur,
867 2216 1069 2296 audivisset,
1094 2216 1244 2298 addebat
1251 2218 1378 2287 nescire

265 2348 300 2394 se
314 2323 489 2416 quidinde
503 2323 545 2392 ad
560 2324 768 2415 religionem
788 2324 1035 2394 restituendam
1057 2326 1223 2417 proficere
1245 2333 1377 2419 posset;

264 2454 378 2501 errare
392 2433 485 2500 enim
501 2433 560 2525 qui
575 2436 711 2525 putaret
727 2431 832 2501 modo
848 2432 914 2502 isto
935 2432 1116 2501 haereticos
1143 2457 1181 2502 ac
1202 2435 1378 2503 seditiosos

263 2537 419 2609 cohiberi
449 2539 572 2631 posse.
605 2540 724 2633 Itaque
762 2538 918 2608 alienum
949 2563 969 2608 a
1000 2540 1201 2633 proceribus
1235 2541 1380 2610 habebat

263 2647 422 2714 animum
438 2669 445 2715 :
460 2669 578 2716 coram
591 2647 666 2739 ipso
681 2646 931 2727 MaximilianO,
953 2648 1109 2716 marchio
1130 2646 1318 2739 Bergensis
1341 2648 1377 2715 ab

264 2776 304 2822 eo
334 2753 420 2821 olim
445 2755 628 2845 quaesierat
652 2777 696 2822 an
711 2754 747 2822 in
762 2777 865 2823 suum
883 2755 1122 2847 episcopatum
1153 2777 1215 2846 per
1239 2757 1379 2848 januam

264 2863 440 2953 ingressus
460 2865 550 2930 esset
572 2869 605 2930 et
624 2863 727 2955 paulo
747 2869 827 2955 post
846 2862 1058 2931 marchionis
1084 2862 1221 2953 legatus
1244 2863 1282 2930 in
1306 2885 1379 2932 arce

265 2970 517 3055 Cameracensi,
535 2968 753 3053 Warluseus,
772 2969 885 3039 eidem
915 2970 1079 3061 episcopa
1097 2968 1235 3038 dixerat
1248 2970 1322 3063 jam
1331 2970 1380 3037 illi

152 3144 155 3150 .
266 3079 456 3171 ceterisque
483 3075 657 3169 episcopis
695 3075 949 3168 praedicandam
987 3100 1061 3145 esse
1096 3078 1280 3145 veritatem
1319 3101 1382 3146 nec

267 3185 397 3254 diutius
415 3185 669 3254 catholicorum
681 3185 878 3274 ignorantia
892 3182 1129 3252 abutendum‘.
1145 3185 1275 3280 Postea
1295 3208 1381 3254 nun·

267 3316 372 3385 quam
387 3292 430 3360 ad
445 3291 665 3361 clementiam
681 3291 779 3360 valde
799 3314 990 3385 propensus
1010 3291 1077 3359 luit
1097 3296 1130 3360 et
1149 3292 1250 3384 quasi
1273 3293 1382 3361 consi-

266 3399 358 3470 lium
367 3401 404 3467 in
419 3400 475 3468 his
491 3399 605 3468 verbis
621 3399 652 3467 ei
672 3398 767 3468 dedit
786 3398 1049 3483 Granvellanus,
1072 3421 1107 3467 se
1128 3421 1201 3468 non
1225 3399 1382 3468 dubitare

265 3508 350 3599 quin
378 3506 581 3576 adveniam
615 3505 811 3596 generalem
841 3506 902 3576 ille
937 3529 1043 3599 quam
1076 3506 1380 3576 vehementissime

264 3614 468 3708 impulerit.
505 3614 631 3708 Utique
658 3636 731 3682 non
759 3637 852 3683 unus
879 3637 898 3683 e
924 3614 1047 3706 primis
1074 3613 1185 3683 veniae
1207 3613 1379 3705 generalis

264 3723 465 3793 auctoribus
480 3722 602 3791 haberi
615 3726 730 3814 potest
744 3722 920 3790 Antonius
935 3722 1117 3791 Havetius

295 3887 319 3936 l.
331 3885 463 3946 Faernus,
474 3881 636 3933 Bibliotheca
650 3881 764 3946 Betpica,
777 3882 798 3943 I,
810 3897 836 3946 p.
851 3881 938 3933 77-78.

295 3987 319 4037 2.
334 3985 453 4048 Correap.
466 3983 498 4033 de
509 3981 654 4041 Granvellc,
671 3980 690 4044 I,
702 3995 728 4044 p.
743 3980 798 4030 340.

296 4081 416 4142 3.11nd.‚
433 4080 454 4142 I,
470 4095 497 4145 p.
509 4078 564 4129 339.

297 4185 320 4234 4.
336 4181 414 4243 leid,
427 4193 453 4243 p.
469 4176 587 4228 191-192.

297 4281 322 4332 5.
332 4278 411 4339 leia,
426 4276 470 4338 111,
485 4290 511 4341 p.
526 4274 581 4327 518.
