2968 5072
266 316 326 384 tlt
666 329 705 380 aa
725 329 817 381 rrum
837 332 985 381 emmiu

149 476 154 487 ”
268 483 370 550 natos
398 500 548 572 sponsae,
573 498 634 571 per
661 476 881 571 pmvinoiam
909 476 974 546 iter
1002 477 1159 561 lactura,
1187 475 1383 570 spectaculo

270 609 358 657 esse.

313 695 409 786 Rege
437 694 543 786 igitur
565 691 638 783 jam
663 715 736 763 non
760 691 981 763 clementiam
1006 696 1198 776 aversante,
1226 715 1284 762 res
1313 713 1385 761 oum

271 822 410 872 summo
436 799 598 894 pontifice
626 799 761 891 agenda
788 807 873 869 erat.
904 799 1094 873 Mittendus
1122 799 1219 869 enim
1248 824 1269 869 a
1298 799 1386 869 ouria
1463 806 1464 839 l

271 910 429 979 Romana
442 906 590 1000 legatus,
599 908 661 1000 qui
676 906 764 1000 regii
778 906 883 999 legati
898 907 963 977 iret
976 930 1094 978 comes
1108 907 1300 1001 Belgisque
1314 930 1386 1000 pec·

271 1016 431 1086 cantibus
444 1015 660 1108 pontificiam
675 1013 820 1108 gratiam
836 1016 990 1084 afferret:
1002 1013 1096 1107 quod
1108 1015 1195 1083 satia
1209 1014 1387 1085 commode
1463 1046 1464 1093 ³

270 1123 346 1193 lieri
360 1126 506 1216 poterat.
525 1122 593 1193 Sed
608 1121 871 1216 reperiebantur
884 1122 921 1191 in
935 1122 1056 1215 Belgio
1070 1123 1130 1215 qui
1142 1121 1389 1193 contenderent
1463 1120 1464 1199 l

272 1229 538 1322 inquisitoribus
552 1228 755 1299 absolvendi
770 1228 971 1299 facultatem
990 1252 1076 1315 esse,
1093 1252 1161 1299 nec
1182 1251 1300 1321 operae
1319 1251 1388 1322 pre

271 1338 452 1407 tiumesse
466 1337 579 1406 Roma
593 1359 804 1431 quemquam
830 1360 959 1429 magna
972 1336 1130 1431 impensa
1156 1337 1288 1406 arcessi
1302 1337 1326 1405 ¹.
1340 1336 1388 1406 lta

273 1444 435 1515 censebat
469 1444 623 1536 Viglius,
642 1445 702 1535 qui
722 1444 898 1539 ⁴Hoppero
931 1445 1134 1537 scripserat:
1162 1469 1182 1512 c
1210 1443 1389 1514 Pontificis

272 1574 355 1621 varo
365 1552 514 1644 gratiam
523 1557 724 1644 exspectare
737 1574 810 1620 non
824 1551 924 1623 valde
940 1558 1013 1622 erat
1026 1574 1219 1645 apua,cum
1235 1575 1300 1644 per
1314 1574 1388 1621 con·

272 1658 346 1729 cilii
375 1657 571 1728 Tridentini
599 1656 738 1728 decreta
762 1659 937 1751 episcopis
963 1660 1006 1729 ab
1033 1658 1160 1728 haeresi
1189 1659 1390 1730 absolvendi

271 1770 424 1860 potestas
441 1765 512 1845 fiat,
534 1772 568 1834 et
587 1770 789 1836 nostrorum
808 1766 1063 1858 Inquisitorum
1077 1766 1263 1836 facultates
1278 1768 1317 1835 in
1330 1767 1390 1836 hoo

272 1872 430 1943 sulficere
443 1872 629 1942 videantur
642 1871 666 1942 ¹.
683 1897 703 1942 r

319 1980 483 2050 Ceteram
498 1979 623 2065 veniae,
644 2001 721 2073 quae
746 1979 822 2051 sine
841 1981 1005 2074 pontifice
1024 2002 1188 2052 concessa
1210 1983 1314 2061 toret,
1337 2004 1392 2052 rer
1463 1982 1464 2069 l

272 2089 460 2158 minimam
475 2087 718 2157 auctoritatem
733 2086 924 2182 adjungere
937 2088 1133 2176 videbatur,
1145 2089 1184 2158 in
1195 2088 1259 2158 tali
1275 2113 1312 2159 re
1327 2112 1390 2160 non

275 2195 474 2265 divinarum
484 2200 634 2274 tantum,
647 2194 1234 2289 sedhumenarumquoquererum
1245 2198 1387 2289 peritus3

271 2303 412 2373 veniam
440 2303 535 2372 anim
563 2302 614 2372 sic
634 2303 807 2396 majorem
834 2309 868 2373 et
895 2302 1103 2397 ampliorem
1131 2304 1227 2374 cives
1255 2303 1388 2373 arbitra·
1463 2330 1464 2341 ¹

273 2418 383 2481 turos.
404 2411 532 2481 Jussus
553 2411 672 2504 itaque
696 2410 852 2480 Albanus
881 2411 1012 2481 instare
1040 2410 1205 2482 Pontifici
1228 2417 1271 2482 ut
1293 2412 1388 2481 breve

275 2517 534 2610 quamprimum
550 2518 703 2588 mitteret
716 2517 739 2589 ⁸.
878 2560 881 2563 -

320 2624 563 2706 Quaerentibus
587 2625 754 2719 Hispanis
780 2625 840 2717 qui
864 2626 1047 2695 Pontificio
1070 2627 1221 2720 gratiam
1243 2627 1386 2706 afferret,
1463 2652 1464 2725 p

277 2730 513 2816 Granvellani,
530 2731 793 2803 Mechliniansis
811 2733 1077 2826 archiepiscopi,
1095 2734 1155 2824 qui
1176 2739 1262 2802 tuno
1277 2734 1389 2803 Roma
1463 2728 1464 2763 r

276 2839 569 2925 commorabatur,
591 2862 720 2910 nomen
744 2841 912 2911 occurrit:
934 2863 1039 2933 quem
1055 2839 1129 2931 jam
1149 2840 1325 2925 Albanus,
1340 2841 1388 2908 lit·

275 2948 359 3018 tacis
384 2947 439 3016 die
462 2949 483 3019 9
510 2947 643 3018 mensis
666 2948 759 3037 junii
784 2950 869 3018 l568
897 2946 988 3017 datis
1012 2946 1216 3040 eligendum
1244 2949 1387 3041 legatum

276 3055 525 3148 designaverat,
567 3055 810 3149 eumdemque,
844 3059 924 3148 post
953 3055 1210 3148 promulgatam
1241 3056 1384 3137 veniam,

275 3160 471 3255 adjutorem
484 3161 561 3232 viro
582 3161 799 3256 provinciam
820 3162 1028 3254 gubernanti
1049 3162 1205 3233 dandum
1221 3163 1247 3232 ⁴.
1265 3165 1385 3234 Verum

276 3268 510 3340 Granvellano
526 3270 590 3340 sub
611 3268 705 3340 idem
720 3272 859 3363 tempus
874 3270 1016 3362 scripsit
1030 3269 1253 3341 Morillonius
1274 3270 1316 3340 ab
1332 3270 1381 3353 iis,
1463 3294 1464 3351 l

277 3377 337 3468 qui
351 3378 463 3448 veniae
479 3376 709 3448 concedendae
728 3377 929 3447 lacultatam
943 3377 1215 3470 inquisitoribus
1230 3378 1383 3448 attribue·

276 3484 630 3564 rent,dicinonsanae
640 3484 1050 3557 mantisexistimandum
1058 3486 1245 3567 Ducem,si
1260 3485 1382 3555 socium
1463 3534 1464 3587 t

277 3614 317 3662 ac
327 3593 419 3662 torte
434 3592 618 3664 dominum
629 3597 821 3663 assumeret
834 3599 856 3660 ⁸.
872 3595 1036 3662 Attamen
1049 3594 1161 3664 veniae
1181 3616 1264 3663 cum
1278 3590 1383 3688 ponti·
1463 3592 1464 3637 l

277 3700 341 3769 fiee
355 3701 543 3771 tractanda
554 3724 637 3772 cura
647 3701 685 3771 in
697 3699 973 3771 Granvellanum
983 3699 1110 3772 collata
1122 3706 1190 3771 est:
1206 3703 1268 3793 qui
1277 3701 1383 3793 jussus
1463 3712 1464 3761 Ι

308 3870 332 3921 1.
351 3867 474 3936 Corrcap.
489 3871 522 3922 de
537 3870 686 3933 Graoacttc,
701 3865 743 3932 tlt,
756 3886 782 3936 p·
796 3869 850 3923 293.

305 3967 330 4019 2.
349 3967 472 4031 Horace,
486 3983 514 4033 p.
529 3968 646 4021 itt-525.

307 4066 332 4119 3.
349 4065 471 4132 concap.
487 4067 652 4134 chtiltppr
663 4069 699 4129 Il,
714 4071 733 4120 t.
748 4062 780 4118 ΙΙ.
795 4078 820 4131 p.
835 4064 923 4118 90-91.

306 4166 332 4216 4.
347 4164 419 4217 lttct.
434 4169 453 4218 t.
470 4165 504 4228 Π,
519 4180 546 4230 p.
560 4165 600 4223 29,
852 4172 853 4176 ’

303 4264 332 4316 5.’
348 4263 468 4330 cmmp.
482 4264 516 4316 dr
530 4263 678 4327 Granccltc,
691 4263 735 4326 ΙΙΙ,
750 4276 778 4327 p.
791 4263 847 4316 2932
