2988 5078
299 472 442 526 ououono
462 472 502 517 nn
523 445 821 517 sncuurrscorrrurr
842 471 1017 518 rnovrcrus
1038 471 1084 517 sn
1208 455 1248 515 11

175 616 272 684 Nova
284 615 451 705 dignitate
463 613 723 682 Maximilianus
736 635 808 681 non
822 614 936 705 potuit
953 616 1029 682 nors
1046 614 1225 705 superbire
1238 633 1246 681 ε

129 746 214 792 nam
245 723 526 814 archiepiscopus
560 720 819 790 Cameracensis
852 723 1013 814 episcopo
1046 721 1246 812 praestabat‚

127 828 231 921 eique
245 834 395 921 quatuor
409 829 573 921 episcopi,
591 829 681 896 inter
701 850 786 918 quos
811 828 1046 897 Richardotus
1066 829 1249 920 episcopus

129 936 368 1005 Atrebatensis
384 936 569 1018 eminebat,
590 935 731 1004 obnoxii
747 938 856 1003 erant.

175 1043 355 1121 Attamen,
366 1044 396 1111 si
408 1041 605 1112 Morillonio
621 1042 784 1126 creditur,
801 1065 892 1133 aegre
900 1042 1034 1111 larebat
1042 1042 1251 1111 Maximilia·

130 1174 198 1219 uus
215 1149 496 1229 Granvellanum,
512 1149 797 1219 Mechliniensem
811 1149 1125 1242 arehiepiscopum,
1142 1149 1250 1218 eccle·

130 1256 263 1326 siarum
279 1257 498 1350 Belgicarum
511 1256 700 1349 primatum
711 1257 913 1340 obtinuisse,
925 1264 959 1326 et
969 1257 1252 1326 Mechliniensem

129 1364 327 1449 ecclesiam,
350 1388 429 1457 quae
458 1364 629 1434 recentior
654 1368 756 1443 esset,
775 1365 1016 1434 Cameracensi
1043 1363 1250 1434 antecellere

131 1471 263 1563 insigni
289 1478 325 1539 et
348 1471 511 1563 antiquae.
545 1471 667 1563 ltaque
696 1494 777 1539 cum
809 1471 1060 1541 Granvellanus
1087 1494 1105 1540 e
1129 1471 1250 1562 Belgio

132 1577 300 1649 decedere
323 1580 444 1671 jussus
472 1582 536 1658 est,
574 1578 837 1671 archiepiscopi,
872 1578 932 1669 qui
964 1579 1250 1647 cameracensem

132 1691 167 1754 et
190 1686 448 1778 Traiectensem
470 1685 586 1754 sedem
608 1685 822 1763 obtinebant,
841 1685 1007 1777 dignitate
1036 1685 1136 1777 quasi
1160 1685 1251 1755 aucti

134 1801 229 1879 sunt,
252 1800 295 1864 *ct
326 1793 604 1863 Maximilianum
636 1792 854 1862 Morillonius
888 1793 1138 1863 criminabatur
1163 1792 1251 1862 velle

134 1900 406 1971 Granvellanum
431 1902 529 1991 quasi
550 1901 746 1984 detrudere,
769 1901 962 1992 prasertim
985 1923 1065 1969 cum
1090 1900 1254 1967 Maximi-

134 2010 250 2079 lianus
276 2031 358 2078 cum
390 2007 542 2098 capitulo
574 2030 637 2076 suo
667 2008 764 2076 litem
798 2007 956 2076 haberet.
991 2005 1253 2076 Maximilianus

134 2118 229 2185 enim
256 2120 382 2184 cuneta
413 2115 562 2206 capitula
596 2115 878 2183 immunitatibus
913 2137 1052 2194 exuere,
1090 2113 1253 2182 omnibus

133 2222 380 2316 adjuvantibus
395 2222 578 2314 episcopis,
596 2222 737 2290 volebat
751 2231 772 2300 ¹,
790 2226 824 2290 et
844 2223 1023 2314 episcopos
1049 2244 1121 2289 non
1148 2219 1253 2288 modo

114 2354 209 2400 ·suae
225 2330 425 2422 provincia,
444 2328 503 2397 sed
517 2329 623 2397 etiam
637 2328 735 2410 alica,
752 2329 842 2397 sicut
851 2328 1066 2420 Brugensem
1075 2334 1109 2396 ot
1122 2328 1255 2420 Ypren-

135 2461 223 2517 sem,
240 2458 429 2507 convocare
444 2437 668 2526 cogitaverat.
686 2436 753 2504 Sed
767 2437 803 2503 in
818 2435 1059 2504 Cameracensi
1074 2435 1255 2527 provincia

136 2568 218 2615 eum
238 2545 392 2636 episcopi
420 2566 544 2636 parum
564 2543 788 2635 adjuverunt.
811 2542 958 2635 Scripsit
983 2548 1067 2611 tunc
1093 2541 1252 2611 Morino-

136 2654 216 2725 nius
231 2650 366 2720 nescire
393 2673 429 2719 se
444 2652 605 2719 iturusne
618 2655 708 2719 esset
734 2648 777 2717 ad
803 2649 1091 2718 cameracensem
1120 2651 1256 2718 Torna-

136 2760 263 2840 censis,
277 2781 342 2828 nec
357 2757 399 2825 ad
409 2742 566 2826 eundum
581 2779 752 2850 propenso
768 2757 885 2825 animo
900 2779 974 2825 esse
990 2756 1258 2848 Audomeropo-

136 2866 301 2948 titanum,
332 2865 441 2933 immo
472 2887 542 2933 non
574 2864 639 2932 sibi
665 2863 811 2932 dubium
845 2887 918 2933 essa
944 2864 1029 2954 quin
1049 2864 1216 2932 abnueret
1231 2868 1253 2930 ¹,

138 2972 371 3042 Richardotus
394 2994 466 3040 non
487 2970 766 3041 Maximilianum
787 2972 991 3063 approbavit
1013 2976 1059 3050 et,
1084 2972 1112 3037 si
1133 2970 1257 3038 ltloril-

138 3079 234 3148 lonio
250 3079 418 3163 creditur,
433 3078 662 3148 Granvellanc
680 3079 818 3169 scripsit
830 3078 1129 3170 archiepiscopum
1138 3078 1258 3146 Came·

138 3209 318 3257 racenscm
336 3186 373 3254 in
386 3184 487 3254 illum
513 3191 586 3254 tam
607 3186 756 3277 graviter
782 3185 968 3275 deliquisse
994 3184 1059 3252 sibi
1087 3206 1157 3251 non
1185 3182 1273 3279 plag

140 3316 217 3364 cere
230 3303 254 3361 ⁸.
284 3293 351 3362 Sed
377 3315 458 3362 cum
480 3292 754 3371 Maximiliauus‚
781 3293 838 3382 qui
870 3291 911 3361 da
940 3314 977 3361 re
1004 3290 1256 3359 Richardotum

139 3401 375 3484 consuluerat,
392 3401 422 3469 ei
437 3422 473 3468 se
488 3399 581 3468 nolle
600 3400 789 3491 primatum
809 3420 978 3490 occupare
1001 3398 1155 3480 dixisset,
1173 3402 1257 3465 tunc

139 3507 377 3577 Atrebatensis
390 3506 614 3598 responderat
629 3505 855 3574 commodum
873 3528 946 3573 esse
969 3509 1164 3573 exterarum
1180 3526 1258 3596 prc-

141 3615 336 3684 vinciarum
350 3613 520 3705 episeopis
535 3613 664 3681 litteras
683 3635 754 3680 nou
773 3611 969 3704 praejudicii
986 3611 1141 3688 mittcre;
1157 3634 1254 3702 quas,

142 3722 338 3815 postulante
350 3719 684 3812 Maximiliano,ipsa
693 3719 877 3810 Margarita
886 3717 1054 3808 Brugensi
1063 3725 1098 3787 et
1108 3717 1257 3810 Yprensi

142 3830 238 3899 misit
251 3834 273 3896 ⁴.
297 3828 493 3897 Concilium
520 3833 724 3895 tamennon
742 3825 901 3895 habitum
925 3833 974 3894 est
1001 3831 1046 3905 et,
1077 3849 1120 3894 ne
1144 3825 1259 3893 Maxi·
1341 3886 1344 3893 .

145 3935 309 4011 milianus
321 3936 385 4004 toti
399 3934 554 4004 ecclesia
566 3933 717 4025 Belgicae
731 3933 1001 4003 Granvellanum
1017 3955 1162 4026 praesse
1175 3931 1260 4000 obli-

175 4096 200 4173 ¹2
215 4097 338 4163 Correrp.
352 4097 384 4147 de
395 4094 545 4155 Granvette,
563 4097 596 4154 u,
607 4109 633 4158 p.
647 4094 692 4144 164
704 4098 729 4143 et
743 4093 798 4146 245.

173 4195 197 4247 2.
213 4195 292 4258 Μ,
309 4194 450 4258 11,p.1ol.

173 4294 197 4343 3.
217 4292 296 4357 idid„
312 4294 345 4354 ΙΙ,
360 4306 387 4357 p.
402 4291 447 4342 ¹27
462 4297 488 4342 et
502 4292 550 4342 245

179 4392 202 4441 4,
220 4392 296 4450 ibid,
312 4389 345 4450 ΙΙ,
356 4404 382 4454 p.
396 4389 450 4442 127.
