2968 5072
282 362 341 431 tlt
681 380 720 430 aa
742 385 835 430 vanu
856 382 1008 457 causam

281 530 371 597 tacto
385 526 627 609 Granvellano‚
643 549 759 597 rerum
772 528 873 620 potiti
885 533 982 597 erant
996 534 1031 596 et
1046 550 1126 596 cum
1140 552 1161 597 a
1174 530 1300 599 multis
1312 531 1395 611 aliis,

282 641 357 704 tum
376 635 483 702 etiam
505 657 525 702 a
546 623 783 704 Maximiliano
809 634 943 719 ambiti,
961 634 1054 728 apud
1076 637 1400 729 Margaritamque

281 746 389 809 totam
409 764 445 809 se
470 742 521 809 eis
538 739 692 824 dederat,
709 743 899 810 maximam
927 741 1101 810 habebant
1121 745 1364 813 auctoritatem
1379 747 1399 814 ¹.

281 849 461 940 Margarita
515 847 655 939 quidem
688 871 874 941 parumper
913 848 1119 940 proceribus
1157 851 1302 920 adulata
1341 863 1397 931 est,

280 956 407 1047 quippe
423 954 550 1047 quibus
566 954 811 1046 adjuvantibus
825 954 1049 1023 Granvellani
1065 957 1272 1026 servitutem
1286 983 1399 1026 excus-

280 1062 391 1130 sisset.
428 1060 690 1129 Maximilianus
723 1067 853 1141 autem,
883 1061 1105 1130 Granvellani
1141 1066 1293 1146 amicus,
1325 1088 1398 1132 cum

279 1167 530 1238 conventiculis
552 1166 777 1237 dominorum
797 1168 1022 1252 interfuisset,
1039 1157 1225 1261 profitetur¹
1247 1194 1286 1239 se
1312 1172 1398 1264 inju-

278 1275 357 1353 rias,
395 1274 522 1366 quihus
564 1273 836 1343 Granvellanum
876 1282 1140 1367 persequantur,
1172 1301 1266 1369 aegre
1299 1279 1395 1354 terre.

278 1408 297 1449 ‹
325 1382 429 1473 quod,
455 1382 503 1450 ait
522 1380 692 1473 injuriose
712 1380 945 1462 Morillonius,
961 1382 1049 1451 mihi
1074 1407 1198 1475 parum
1222 1385 1262 1466 lit
1286 1387 1398 1454 verisi-

278 1490 361 1557 mile
376 1488 436 1558 ⁸.»

322 1595 515 1666 Conciliato
531 1595 598 1664 sibi
620 1596 813 1687 Margaritae
831 1599 962 1680 animo,
985 1596 1119 1665 domini
1139 1599 1274 1690 Regem
1300 1600 1397 1668 etiam

280 1704 347 1772 sibi
363 1701 549 1772 conciliare
561 1701 763 1770 voluerunt.
781 1702 998 1773 Jamdudum
1012 1703 1196 1774 dominum
1218 1729 1347 1795 genere
1370 1712 1398 1775 et

281 1810 414 1879 meritis
443 1811 617 1900 insignem
643 1811 680 1877 in
705 1811 910 1902 Hispaniam
937 1809 1076 1879 mittere
1102 1818 1307 1896 statuerant,
1339 1814 1393 1905 qui

279 1920 365 2010 Regi
389 1921 578 2009 exponeret
600 1938 679 2007 quae
704 1922 932 2009 quererentur
961 1923 995 1984 et
1017 1922 1257 1988 anteactarum
1281 1943 1394 1988 rernm

280 2028 451 2093 rationem
464 2025 639 2115 probaret.
656 2024 732 2092 Etsi
748 2024 931 2115 Margarita
943 2029 977 2091 et
993 2024 1179 2116 Philippus
1193 2027 1237 2095 ab
1250 2050 1293 2095 eo
1312 2050 1396 2096 con-

280 2132 360 2200 silio
375 2130 456 2198 illos
469 2130 642 2198 deterrere
655 2133 847 2214 tentarunt,
864 2132 1057 2200 concilium
1074 2132 1192 2200 Status
1210 2134 1394 2224 Egmontio

279 2238 456 2307 mandavit
481 2243 520 2305 ut
551 2237 635 2329 Regi
656 2237 841 2330 explicaret
854 2239 1031 2328 quomodo
1054 2262 1108 2307 res
1137 2240 1175 2307 in
1202 2241 1326 2332 Belgio
1359 2264 1397 2308 se

278 2347 446 2414 haberent
461 2349 494 2412 et
510 2345 645 2412 restitui
660 2350 813 2435 possent.
825 2345 985 2413 Primum
996 2346 1176 2415 Cameraci
1187 2347 1393 2439 Egmontius

279 2453 445 2534 constitit,
483 2473 611 2541 magna
643 2452 839 2520 amicornm
875 2475 983 2520 manu
1011 2454 1213 2533 comitatus,
1245 2455 1392 2522 Henrico

278 2558 502 2636 Brederodio,
529 2557 692 2650 Philippo
728 2558 884 2627 Mamixo
914 2558 1148 2651 Aldegundi0,
1176 2562 1394 2644 Norcarmio,

279 2669 381 2735 Petro
429 2667 575 2735 Ernesto
620 2665 838 2747 Mansfeldi0,
879 2667 1033 2734 Antonio
1076 2667 1230 2751 Lalinio,
1272 2670 1394 2737 comite

279 2773 546 2853 Hochstratano‚
569 2770 746 2841 Florentio
771 2772 958 2852 Pallantia,
983 2774 1109 2841 comite
1135 2773 1394 2869 Culemburgio‚

224 2916 228 2925 ‹
279 2882 404 2949 comite
426 2879 470 2948 de
494 2877 589 2946 Salm
610 2885 643 2947 et
658 2879 851 2948 Warlnseo.
877 2880 949 2948 Suo
964 2881 1133 2972 sanguine
1158 2880 1322 2952 libellum
1344 2885 1397 2952 die

278 2992 320 3057 26
334 2988 463 3057 mensis
475 2985 728 3079 januarii1565
753 2985 985 3068 subscribunt,
1008 3011 1076 3078 quo
1094 2988 1234 3079 jurant,
1262 2991 1293 3058 si
1317 2990 1396 3082 quid

278 3095 464 3187 Bgmontio
490 3091 667 3176 acciderit,
691 3115 752 3184 pro
777 3092 979 3183 reipublicae
1003 3093 1261 3187 Belgarumque
1289 3099 1395 3167 salute
1475 3100 1476 3135 r

279 3205 446 3295 profecto,
464 3224 484 3269 a
501 3197 732 3268 Granvellano
747 3200 832 3268 iisve
848 3200 908 3292 qui
929 3201 1155 3270 Granvellani
1174 3205 1262 3271 socii
1286 3205 1397 3274 habe-

279 3315 410 3391 rentur,
425 3329 545 3402 poenas
561 3328 596 3375 se
614 3307 822 3397 repetituros
837 3315 858 3373 ³.

323 3416 527 3507 Egmontius
534 3412 754 3505 aliquamdiu
769 3413 946 3482 Cameraci
957 3413 1123 3507 diploma,
1138 3418 1233 3508 quod
1243 3419 1396 3488 aGalliac

280 3545 359 3614 rege
374 3514 530 3615 petierat,
549 3520 773 3612 exspectavit.
797 3521 887 3588 Eum
902 3522 1047 3614 ejusque
1069 3524 1214 3592 comites
1239 3526 1396 3596 Maximi·

279 3632 396 3701 lienus
411 3628 574 3697 convenit
588 3634 621 3695 et
637 3648 714 3715 quae
730 3649 833 3719 agere
852 3626 1117 3698 destinavissent
1135 3654 1196 3723 per
1216 3655 1278 3702 eos
1298 3634 1396 3703 edoc-

278 3744 347 3819 tus,
375 3735 530 3827 legatum
560 3731 602 3801 ad
629 3733 759 3822 Regem
783 3733 881 3801 mitti
904 3735 1075 3826 probavit,
1101 3739 1282 3831 cumipse
1307 3740 1396 3808 arbi-

278 3847 428 3910 traretur
444 3842 576 3930 Regem
590 3839 749 3930 ignorare
776 3840 952 3930 quomodo
969 3864 1047 3910 vere
1078 3865 1133 3912 res
1164 3844 1202 3912 in
1219 3845 1339 3938 Belgio
1361 3869 1394 3915 se
1475 3842 1476 3863 l

278 3949 457 4024 haberent,
476 3968 624 4037 eumque
639 3945 676 4012 in
690 3944 852 4038 Belgium
867 3945 909 4014 ad
924 3970 979 4017 res
994 3948 1228 4041 inspiciendas
1245 3958 1392 4022 vocaret.
1475 3930 1476 3997 l

309 4101 334 4152 l.
351 4099 444 4149 Gaoaa
458 4110 511 4146 vnn
523 4095 706 4158 Perpernam,
723 4097 771 4161 Op.
785 4097 831 4147 cit.
846 4099 865 4147 t.
881 4096 901 4148 1.

308 4199 333 4248 2.
351 4197 461 4260 Papicrs
480 4191 579 4253 ἀἚίαί,
595 4192 662 4254 VIII,
677 4208 703 4256 p.
721 4195 776 4245 296.

309 4299 335 4349 3.
351 4294 454 4353 Gnoau,
469 4291 489 4353 I,
503 4305 531 4355 p.
545 4290 594 4340 345
605 4315 637 4328 -
650 4290 760 4344 Kanum
774 4308 806 4344 na
821 4292 1003 4358 harmannus,
1021 4298 1070 4361 Op.
1084 4297 1131 4349 cit.
1142 4298 1164 4361 1,
1177 4313 1204 4363 p.
1215 4297 1271 4351 ael.
