2988 5078
205 435 228 496 8
685 448 853 495 rnomurorr

207 595 301 664 enim
314 592 485 663 haereticis
500 593 672 677 acerrime
694 599 921 686 repugnatur,
947 595 983 663 in
1005 593 1192 664 Germania
1212 599 1330 664 autem

209 725 249 772 ea
263 702 330 770 fuit
341 701 584 770 haereticorum
595 702 661 785 vis,
677 706 717 769 ut
740 724 820 770 eum
849 702 892 770 iis
917 701 1179 792 transigendum
1200 703 1326 772 tuerit:

209 809 252 878 iis
267 810 377 878 multa
391 831 458 902 pax
472 809 675 901 Augustana
694 809 887 879 concessit:
907 832 946 878 ac
971 833 1168 901 quanquam
1194 833 1331 903 semper

209 917 348 987 Castalii
364 917 624 986 Cameracensis
650 916 775 985 incolae
797 916 1046 987 contenderant
1058 941 1094 986 se
1107 924 1204 986 extra
1218 919 1330 1011 Impe-

209 1025 250 1094 rii
267 1024 463 1094 dominium
478 1047 566 1108 esse,
582 1022 779 1094 videbimus
800 1024 836 1093 iu
851 1025 959 1117 hujus
984 1026 1103 1117 oppidi
1122 1026 1330 1097 tumultibus

211 1132 425 1202 calvinianos
438 1131 630 1201 secundum
647 1131 743 1200 illam
758 1154 879 1224 pacem
898 1132 1047 1202 liborum
1063 1132 1196 1203 cultum
1210 1132 1333 1226 depos-

213 1245 340 1323 centes
368 1241 495 1333 qnippe
520 1240 580 1332 qui
608 1240 770 1308 omnibus
802 1240 943 1331 Imperii
970 1240 1168 1309 Germanici
1197 1240 1332 1333 legibus

212 1355 327 1417 essent
341 1347 495 1417 obnoxii.
513 1348 602 1416 Item
624 1347 808 1439 Philippus
824 1347 896 1414 Rex
922 1347 1097 1440 Hispaniae
1122 1354 1156 1416 et
1175 1349 1333 1418 Maximi-

211 1455 326 1525 lianus
341 1455 534 1546 Imperator
547 1453 703 1523 ecclesiae
715 1454 894 1524 catholicae
910 1477 981 1523 non
994 1462 1076 1522 sunt
1091 1455 1213 1525 eodem
1227 1456 1332 1526 modo

213 1562 370 1633 studiosi.
388 1562 570 1653 Philippus
587 1562 680 1630 enim
695 1562 916 1631 vehementer
941 1585 1017 1631 eam
1032 1569 1161 1646 tuetur,
1177 1565 1333 1633 Maximi-

213 1671 457 1739 lianusautem
481 1673 514 1737 et
529 1669 699 1738 haereticis
733 1669 913 1760 indulgere
942 1670 1038 1738 etin
1064 1671 1234 1763 Hispanos
1263 1678 1334 1741 tam

215 1777 328 1847 alieno
344 1779 460 1846 animo
474 1800 547 1846 esse
564 1777 660 1846 visus
677 1783 740 1861 est,
757 1783 796 1846 nt
818 1777 928 1867 Belgii
955 1778 1104 1871 Imperio
1128 1779 1335 1850 Germanico

216 1884 420 1977 subjiciendi
437 1886 649 1954 mentionem
664 1885 807 1953 auribus
821 1882 1018 1954 admitteret
1031 1887 1053 1952 ¹.
1070 1887 1156 1955 Cum
1171 1910 1337 1956 coronam

216 1994 348 2085 accepit
375 1993 646 2076 Maximilianus‚
675 1993 941 2062 Franeofnrtum
968 1993 1150 2086 Philippus
1184 1995 1336 2087 legatum

216 2101 314 2170 misit
326 2124 398 2170 non
418 2101 623 2192 Oronginm,
639 2103 698 2193 qni
718 2102 784 2170 hoc
805 2123 934 2169 munus
953 2102 1108 2194 petierat,
1132 2102 1191 2170 sed
1211 2103 1338 2172 ducem

219 2209 414 2287 Aresehoti,
441 2209 501 2300 qui
525 2232 654 2278 novum
692 2209 940 2301 Imperatorem
974 2216 1087 2278 oraret
1113 2215 1152 2277 ut
1182 2209 1337 2282 ecclesia

217 2317 396 2388 catholiea
415 2317 710 2408 patrocinaretnr¹.

262 2531 288 2598 F
291 2553 347 2600 ere
363 2538 479 2602 autem
504 2533 635 2602 invitus
664 2533 847 2625 episcopus
879 2530 1138 2601 Cameracensis
1167 2528 1204 2596 in
1226 2526 1338 2616 Belgii

219 2639 414 2732 principum
442 2639 578 2710 dicione
607 2648 691 2709 erat.
719 2640 827 2709 Plura
847 2641 940 2708 enim
970 2640 1058 2707 inter
1083 2637 1216 2706 vicinos
1240 2655 1338 2725 rages

218 2745 309 2817 bella
324 2756 420 2816 erant
436 2771 541 2840 qnam
557 2755 597 2817 nt
611 2749 887 2819 Cameraeesinm
911 2770 990 2817 vere
1004 2744 1222 2833 {inviolatum
1236 2746 1336 2820 esset,

219 2880 258 2925 ac
270 2857 387 2949 major
398 2857 509 2942 Belgii
524 2858 722 2950 principum
737 2855 908 2948 cupiditas
922 2876 1027 2946 quam
1048 2860 1087 2922 ut
1108 2851 1205 2920 illam
1221 2850 1336 2939 regio·

223 2989 304 3035 nem
316 2989 389 3035 non
402 2967 624 3058 appeterent.

265 3075 402 3144 Sensim
415 3073 835 3165 etsubnmbrapatrocinii
853 3072 1024 3163 principes
1035 3069 1145 3159 Belgii
1158 3090 1222 3136 suo
1234 3068 1340 3157 impe-

219 3184 270 3252 rio
285 3182 562 3253 cameracesium
582 3182 610 3248 si
626 3182 706 3249 non'
722 3181 812 3271 jure,
844 3186 879 3248 at
903 3200 940 3246 re
965 3177 1211 3268 adjunxerunt.
1237 3175 1338 3241 Anno

221 3293 307 3360 ΙΙΙΙΙ
321 3291 486 3381 primum,
508 3312 594 3381 quos
624 3290 824 3380 agnovisset
853 3288 1048 3377 Imperator
1071 3283 1214 3352 comites
1236 3282 1263 3350 F
1266 3281 1340 3349 lan-

222 3398 305 3466 driae
321 3421 456 3489 semper
480 3398 715 3467 Cameracesio
743 3417 883 3489 operam
908 3393 1071 3476 tribuere,
1098 3415 1157 3460 eos
1183 3390 1342 3459 Camera-

220 3507 333 3574 censis
367 3505 522 3575 ecelesiae
547 3502 710 3596 praesides
735 3503 896 3580 instituit,
920 3524 959 3570 ac
989 3524 1051 3593 pro
1081 3499 1143 3568 illo
1178 3497 1339 3589 praesidio

223 3613 369 3683 eeclesia
384 3612 568 3682 comitibus
583 3612 755 3679 Flandriae
769 3610 916 3700 vectigal
932 3631 1087 3678 annuum
1102 3607 1207 3676 solvit
1219 3606 1241 3673 ⁴.
1260 3606 1341 3675 Cas·

223 3721 307 3792 tello
320 3726 437 3790 autem
452 3742 472 3788 a
486 3720 610 3788 Carolo
621 3720 842 3795 Vexstrncto
855 3717 1134 3787 Cameracesium
1144 3715 1244 3806 quasi
1256 3714 1342 3782 duo·

225 3828 434 3898 devicesima
447 3828 556 3918 Belgii
572 3827 751 3920 provincia
766 3826 844 3894 fuit.
866 3825 916 3893 Eo
931 3830 1086 3916 tempore
1110 3821 1204 3892 haud
1218 3820 1340 3915 procul

253 4028 275 4078 1.
301 4032 392 4080 Gnoau
406 4042 460 4079 ven
478 4028 658 4090 Parusrrnea
678 4028 804 4078 Archioes
819 4040 852 4076 ou
868 4025 1113 4091 Correepondances
1132 4023 1246 4075 intditer
1264 4022 1296 4074 de
1312 4021 1338 4074 tu

223 4111 326 4160 maison
341 4109 592 4174 ‹toronos-Nasson,
604 4113 623 4170 t,
638 4109 659 4172 1,
672 4124 698 4174 p,
712 4108 752 4159 25.

261 4208 285 4259 2.
298 4208 333 4258 V.
349 4222 405 4271 cap.
422 4207 467 4269 ΙΙΙ,
480 4209 518 4257 De
532 4207 720 4258 Maximilz'ono
731 4207 841 4270 Imperii
856 4205 1007 4257 Germanioi
1016 4205 1147 4270 principe.

259 4306 284 4356 3.
303 4306 420 4369 Sruenn,
433 4308 471 4357 De
485 4305 558 4356 Bello
570 4305 682 4368 Belpica
695 4309 715 4367 1,
731 4320 757 4369 p.
771 4306 810 4356 31.

261 4406 286 4456 4.
303 4405 342 4456 Lr
354 4404 536 4466 Cnernurran,
551 4405 668 4456 Histoire
680 4406 713 4456 de
734 4403 864 4477 cambray
880 4406 906 4454 et
921 4404 957 4454 du
973 4402 1129 4463 cambresis,
1144 4402 1165 4464 1,
1180 4419 1206 4468 p,
1220 4402 1275 4455 102.
