2958 5076
212 427 252 485 llll
421 439 564 493 00010Βο
587 440 759 486 nrlscernu
781 440 905 487 tunultu
925 439 1058 484 FUNCTUS
1080 439 1125 484 Sl'l'

257 585 324 652 Sed
348 606 548 675 quanquam
573 583 773 652 Tridentino
799 582 948 651 concilio
974 581 1237 650 Maximilianus
1264 604 1333 649 non

213 693 336 775 adluit,
355 691 474 760 nullus
487 697 603 759 tamen
618 692 800 784 episcopus
815 691 1019 782 diligentius
1033 690 1168 758 curavit
1182 696 1223 757 ut
1236 688 1333 757 illius

214 798 352 868 concilii
366 799 502 868 decreta
517 801 554 868 in
576 798 755 891 provincia
779 822 843 867 sua
866 804 1097 866 servarentur.
1124 796 1214 864 Cum
1237 796 1332 864 enim

213 906 394 998 Margarita
407 906 449 974 ab
463 906 626 974 omnihus
641 905 753 996 Belgii
769 906 940 997 episcopis
951 904 1144 995 quaesiisset
1155 902 1332 994 quomodo

213 1012 348 1082 decreta
365 1013 426 1082 illa
441 1014 607 1082 servanda
621 1018 747 1095 essent,
767 1011 1026 1080 Maximilianus
1051 1012 1167 1079 statim
1183 1011 1225 1079 de
1242 1034 1284 1080 ea
1297 1033 1331 1077 re

212 1144 294 1190 cum
309 1121 463 1213 capitulo
479 1144 542 1188 suo
558 1119 843 1189 deliberationem
866 1119 989 1187 habuit
1004 1119 1245 1211 synodumque
1258 1141 1335 1209 pro·

212 1228 399 1297 vincialem
410 1227 645 1296 advocandam
657 1226 845 1319 respondit.
861 1226 980 1318 Neque
995 1249 1038 1295 ex
1053 1232 1160 1317 parte,
1174 1226 1234 1293 sed
1248 1226 1334 1293 inte-

213 1358 273 1427 gra
287 1334 347 1403 illa
362 1335 499 1403 decreta
514 1334 635 1426 Belgio
648 1334 861 1426 imponenda
873 1333 1044 1413 censebat,
1062 1337 1101 1401 ut
1112 1333 1154 1400 ab
1164 1333 1262 1400 omni
1275 1332 1333 1401 lite

213 1454 392 1511 caveretur
409 1448 442 1511 et
467 1441 629 1509 omnibus
651 1440 788 1510 decreta
809 1439 947 1508 facilius
967 1441 1245 1532 imponerentur,
1262 1441 1333 1531 pri·

213 1574 311 1619 mum
324 1550 411 1642 Regi
426 1547 564 1640 publice
577 1547 787 1638 recipienda,
806 1553 993 1638 antequam
1018 1547 1171 1640 synodus
1193 1547 1335 1639 provin-

214 1657 312 1726 cialis
338 1662 543 1747 cogeretur;
576 1655 629 1722 sin
662 1654 764 1724 aliter
797 1677 867 1722 non
894 1653 998 1722 modo
1029 1653 1334 1745 metropolitanam

214 1763 408 1844 ecclesiam,
425 1762 484 1830 sed
499 1764 571 1829 lere
593 1784 714 1830 omnes
740 1760 902 1829 ecclesias
924 1760 1125 1854 collegiales
1151 1767 1184 1829 et
1206 1760 1335 1828 multas

215 1870 474 1940 Cameracensis
487 1869 646 1936 dioecesis
671 1868 757 1936 alias
776 1891 872 1950 usus,
899 1868 1084 1961 privilegia
1104 1869 1254 1961 juraque
1274 1891 1337 1935 sua

214 2000 285 2069 prae
314 2001 349 2046 se
373 1977 519 2051 laturas;
552 1975 729 2066 publicato
753 1981 870 2044 autem
893 1975 1060 2058 Concilio,
1087 1975 1269 2043 neminem
1300 1977 1336 2042 iu

215 2085 346 2177 synodo
370 2084 507 2153 decreta
529 2084 672 2174 rejicere
701 2090 760 2150 aut
783 2083 825 2150 de
852 2083 894 2149 iis
922 2084 1193 2151 controversiam
1222 2082 1336 2150 fucere

213 2214 394 2272 ausurum,
427 2196 497 2267 aut,
522 2191 551 2258 si
580 2191 658 2281 quis
689 2191 946 2281 repugnaverit,
984 2191 1101 2257 statim
1128 2189 1334 2257 Pontificem

214 2298 441 2366 monendum.
474 2297 555 2364 Haec
580 2297 774 2387 praesertim
812 2297 1062 2388 promulganda
1094 2320 1132 2364 ac
1166 2296 1336 2364 servanda

215 2404 351 2473 decreta
366 2410 494 2486 censet,
512 2425 590 2493 quae
603 2409 681 2494 post
696 2403 856 2472 dioecesis
882 2404 1142 2473 Cameracensis
1162 2404 1337 2472 visitatio-

215 2535 297 2581 nem
313 2512 463 2579 maxime
477 2512 672 2579 necessaria
697 2510 749 2579 illi
771 2511 845 2579 visa
863 2516 957 2590 suut,
976 2513 1067 2581 sicut
1088 2511 1129 2580 de
1155 2517 1335 2602 pastorum

217 2618 450 2697 «residentia,
469 2644 486 2683 ›
504 2618 545 2686 de
561 2617 806 2709 promovendis
819 2616 862 2686 ad
875 2641 990 2687 sacros
1008 2620 1159 2697 ordines,
1176 2619 1218 2687 de
1229 2618 1336 2686 bene·

217 2727 302 2794 ficiis
317 2749 382 2793 nec
398 2726 588 2793 infantibus
605 2748 669 2794 nec
689 2724 767 2793 aliis
792 2748 862 2793 non
878 2725 1013 2794 idoneis
1038 2725 1269 2808 conterendis,
1295 2726 1335 2793 de

218 2833 324 2900 curiis
337 2832 496 2924 pluribus
509 2855 579 2899 uon
594 2833 655 2900 uni
669 2833 874 2910 trihuendiS‚
893 2823 935 2901 de
954 2856 1099 2902 censura
1120 2857 1190 2901 non
1206 2838 1335 2901 temere

216 2946 275 3008 aut
288 2940 331 3008 ob
346 2939 437 3008 leves
452 2940 603 3008 rationes
620 2939 777 3007 iacienda
787 2946 808 3006 ¹.
1191 2946 1194 2951 ⁴

259 3047 446 3138 Philippus
461 3048 534 3115 Rex
546 3048 616 3115 iere
632 3054 711 3115 ante
726 3045 810 3114 alios
824 3047 961 3115 decreta
971 3047 1172 3116 Tridentino
1181 3050 1334 3139 primum

215 3155 251 3222 in
266 3154 444 3245 Hispania,
462 3154 542 3222 dein
557 3154 593 3222 in
608 3153 709 3222 ltalia
731 3159 764 3222 et
780 3154 815 3221 in
840 3155 961 3245 Belgio
987 3155 1198 3245 promulgari
1217 3154 1332 3245 jussit.

215 3264 385 3353 Dogmata
402 3260 544 3353 quidem
568 3260 770 3330 Tridentino
793 3263 856 3329 toti
877 3262 1030 3330 ecclesiae
1055 3262 1236 3330 catholicae
1259 3284 1336 3329 ser-

217 3370 329 3437 vande
343 3376 456 3452 erant;
472 3367 608 3437 decreta
621 3375 748 3451 autem,
769 3391 846 3459 quae
868 3368 910 3435 ad
934 3368 1088 3437 ecclesia
1102 3367 1333 3461 disciplinam,

218 3477 501 3544 constitutionem
535 3477 821 3566 caerimoniaaque
849 3476 1033 3567 pertinent,
1060 3476 1096 3543 in
1119 3476 1172 3541 his
1198 3480 1335 3544 tantum

218 3581 423 3649 dioecesibus
438 3588 498 3650 aut
512 3583 672 3674 gentihus
694 3582 865 3665 valebant,
886 3606 906 3649 a
931 3583 1058 3674 quibus
1082 3588 1224 3673 excepta
1240 3586 1336 3649 erant

218 3693 252 3757 et
267 3690 483 3780 promulgata
494 3697 515 3756 ¹.
538 3690 578 3757 ln
607 3689 726 3779 Belgio
751 3691 868 3758 Status
884 3689 1081 3758 Concilium
1101 3713 1138 3757 ac
1155 3691 1335 3757 Privatum

219 3804 339 3864 contra
354 3797 428 3863 haec
443 3796 579 3865 decreta
593 3797 702 3863 multa
727 3797 902 3865 dixerant:
926 3819 1003 3886 quae
1017 3797 1078 3864 alii
1093 3796 1196 3888 Regis
1221 3801 1337 3863 aucto·

217 3903 311 3971 ritati
326 3908 359 3969 et
373 3902 616 3993 jurisdictioni,
634 3902 694 3970 alii
710 3903 892 3994 religionis
907 3902 1061 3972 libertati
1075 3904 1248 3973 contraria
1263 3925 1336 3971 esse

248 4090 271 4139 t.
288 4090 326 4140 Lu
340 4088 422 4149 Pmr,
435 4089 663 4138 Monumentornm
679 4090 714 4139 od
728 4091 868 4141 historiam
882 4090 993 4141 concilii
1008 4091 1154 4142 Tridentini
1168 4094 1215 4156 pot
1227 4093 1335 4140 ssimum

215 4169 407 4221 illustrandam
416 4168 599 4232 spectantium
613 4170 779 4233 amplissima
791 4171 919 4231 collectio,
936 4175 957 4220 t.
976 4171 1031 4232 Vll,
1047 4187 1073 4235 p.
1090 4172 1167 4222 56-59
1178 4174 1205 4222 et
1219 4172 1335 4223 tat-133.

247 4272 262 4320 2
283 4268 392 4319 Munus
413 4269 585 4323 Pnrmrrsou,
606 4268 643 4317 Lo
668 4267 927 4320 contre-rdootation
947 4269 1088 4332 retiqiense
1108 4286 1143 4319 an
1164 4271 1234 4320 XVIe
1253 4270 1338 4330 ci‘ecle,

218 4366 244 4415 p.
259 4346 371 4401 588589.
