2958 5076
238 436 278 495 96
558 449 705 503 ouonooo
726 447 842 493 nnaasr
863 446 1037 491 orsurrnrr

240 596 316 662 sine
338 616 465 684 magna
488 592 699 661 verecundia
722 597 855 660 tantam
879 589 947 658 sibi
969 588 1136 681 injuriam
1161 612 1182 656 a
1203 587 1357 656 ducentis

240 708 300 769 aut
319 701 482 768 trecentis
505 700 638 768 illatam
667 706 854 793 pateretur,
887 698 946 787 qui
977 696 1136 788 subjecta
1167 696 1262 764 circa
1289 695 1360 763 lecu

241 808 420 875 inficerent
436 807 456 875 ¹.

286 915 419 982 lateran
434 915 664 983 Maximiliani
680 914 793 982 edicta
816 914 974 984 seditiosi
989 911 1074 981 adeo
1095 934 1168 979 non
1184 910 1359 989 curabant,

242 1027 421 1090 utcontra
450 1022 494 1088 iis
517 1019 709 1089 rebellandi
733 1044 852 1089 causas
875 1021 1085 1119 iuvenirent.
1109 1019 1255 1086 Etenim
1277 1041 1363 1085 novo

242 1128 356 1196 edicto
386 1128 580 1196 secundum
611 1128 732 1197 Sancti
766 1128 910 1216 Imperii
946 1127 1096 1196 Romani
1129 1124 1229 1216 leges
1262 1123 1364 1215 jussit
1461 1160 1462 1175 .

243 1258 366 1303 omnes
382 1236 627 1326 praedicatores
651 1242 686 1304 et
701 1235 908 1304 calvinianae
933 1240 1037 1303 sectae
1058 1233 1244 1301 ministros
1265 1238 1364 1325 atque

245 1342 429 1411 seditionis
445 1348 607 1410 auctores
623 1366 643 1409 a
658 1342 798 1410 civitate
815 1349 849 1411 et
865 1341 1102 1411 Cameracesio
1117 1340 1210 1406 intra
1225 1340 1365 1430 quinde-

247 1452 316 1518 cim
331 1449 405 1517 dies
420 1455 500 1541 post
515 1449 621 1517 edicti
637 1450 954 1541 promulgationem
970 1446 1141 1525 recedere,
1160 1447 1277 1537 poenis
1294 1469 1365 1536 qua

245 1557 383 1647 legibus
399 1556 542 1648 Imperii
566 1562 694 1624 sanctur
718 1563 815 1625 erant
843 1556 1033 1648 propositis
1064 1553 1134 1644 (die
1164 1558 1204 1620 ll
1238 1554 1367 1621 mensis

248 1664 388 1733 Octobr.
409 1663 523 1754 1566).

293 1772 379 1838 Cum
396 1771 463 1840 hoc
485 1771 523 1837 in
547 1771 763 1838 calvinianos
786 1770 939 1839 edictum
961 1768 1004 1836 ad
1025 1767 1207 1862 pergulam
1231 1768 1368 1836 civilem

248 1877 387 1945 recitari
402 1883 555 1968 coeptum
576 1884 638 1957 est,
661 1878 824 1946 nonnulli
853 1877 896 1944 ad
924 1883 1117 1945 extremum
1147 1874 1281 1968 perlegi
1302 1898 1370 1943 non

248 1985 338 2077 passi
356 1992 450 2066 sunt,
469 1985 528 2052 sed
545 2007 605 2076 per
628 1990 738 2053 totam
763 1986 942 2053 civitatem
964 1988 1131 2052 terrorem
1155 1981 1368 2060 intulerunt;

249 2115 369 2159 rursus
384 2090 482 2184 plebs
505 2091 669 2159 ecclesias
699 2093 849 2160 vastavit
877 2097 911 2158 et
940 2114 982 2159 ex
1010 2091 1150 2158 civitate
1179 2089 1370 2157 monachos
1420 2114 1423 2119 ¹

250 2196 536 2291 presbyterosque
557 2200 703 2290 expulit.
734 2197 951 2268 Castellanus
979 2203 1108 2279 autem,
1132 2195 1268 2264 scabini
1292 2196 1370 2263 scri·
1464 2248 1465 2261 .

250 2304 361 2396 baque
377 2304 621 2386 Maximiliani,
645 2306 704 2395 qui
727 2305 881 2373 edictum
901 2303 1078 2385 attulerat,
1101 2326 1137 2371 se
1163 2303 1370 2372 abdiderunt

249 2418 284 2480 et
307 2413 351 2478 iis
373 2410 618 2479 declarandum
644 2414 710 2479 luit
734 2413 887 2480 edictum
910 2412 1000 2501 quod
1023 2411 1065 2478 ad
1087 2410 1271 2502 pergulam
1291 2410 1371 2477 civi-

251 2518 321 2587 lem
337 2541 409 2586 uon
425 2519 466 2584 ad
483 2524 676 2587 extremum
694 2521 879 2587 recitatum
901 2525 1003 2593 essct,
1026 2541 1097 2586 nou
1112 2518 1371 2610 promulgatum

252 2631 285 2694 et
300 2626 374 2693 sine
390 2626 514 2693 ellectu
529 2625 729 2694 babendum
745 2649 819 2695 esse
835 2626 858 2696 ².
876 2627 996 2718 Itaque
1013 2625 1208 2693 Calviniaui
1223 2626 1371 2692 victores
1465 2608 1466 2641 ³

251 2734 319 2824 ipsi
335 2732 554 2800 induciarum
571 2734 796 2802 condiciones
818 2740 1019 2826 proponunt
1038 2731 1227 2800 castellano
1249 2738 1284 2799 et
1305 2755 1373 2798 sca-

250 2839 343 2907 binis
359 2842 417 2930 qui
434 2863 491 2908 eas
507 2841 701 2931 accipiunt:
714 2842 875 2934 utrinque
889 2847 1031 2931 pactum
1047 2845 1143 2908 estut
1158 2838 1326 2906 catholici
1341 2844 1372 2904 et

252 2947 440 3015 calviniani
457 2970 556 3015 sumn
573 2947 681 3016 libere
698 2949 905 3040 religionem
929 2947 1092 3028 colerent,
1116 2969 1160 3014 ne
1181 2944 1373 3014 nebulones

253 3078 295 3123 cx
324 3054 540 3123 dissensione
567 3054 809 3145 perturbandae
846 3055 999 3123 civitatis
1028 3054 1249 3122 occasionem
1280 3074 1373 3143 cape·

252 3168 364 3231 rent³.

296 3268 364 3337 Sed
380 3293 422 3337 ex
438 3290 477 3334 eo
494 3267 548 3336 die
562 3266 768 3349 castellanus
786 3276 819 3336 et
835 3269 968 3336 scabini
981 3270 1017 3335 in
1034 3267 1170 3335 civitate
1186 3291 1248 3358 pro
1263 3266 1372 3334 nihilo

253 3378 393 3443 luerunt
408 3381 441 3443 et
455 3397 566 3464 usque
583 3373 624 3441 ad
639 3377 801 3442 martium
815 3398 971 3444 mensem
985 3377 1069 3446 1567
1081 3372 1272 3443 Castellum
1281 3380 1374 3442 extra

253 3484 312 3574 jus
327 3481 591 3575 dominiumque
610 3481 862 3575 archiepiscopi
879 3484 945 3550 luit
962 3489 995 3550 et
1010 3482 1052 3550 ab
1069 3480 1284 3550 Calvinianis
1300 3487 1374 3548 tan-

254 3594 329 3656 tum
361 3587 654 3654 administratum.
695 3587 869 3680 Philippo,
908 3588 1114 3680 Tupigniaci
1148 3592 1300 3677 pastore,
1341 3588 1375 3654 in

254 3694 288 3763 S.
307 3694 444 3761 Martini
465 3693 611 3762 ecclesia
623 3694 807 3776 collocato,
827 3696 1075 3763 consistorium
1094 3694 1197 3762 etiarn
1211 3693 1376 3762 institue-

256 3811 336 3869 runt
352 3807 384 3868 et
400 3800 596 3869 calviniana
615 3800 798 3893 disciplina
814 3803 868 3870 usi
891 3809 982 3870 sunt.
998 3802 1052 3870 Ita
1065 3800 1107 3868 ad
1127 3801 1375 3869 consistorium

255 3908 469 3977 calvinianus
482 3908 625 3999 quidam
639 3915 783 3976 vocatus
801 3911 931 4001 estqui
949 3931 1087 3977 socrum
1099 3931 1196 3976 suam
1216 3907 1375 3976 verbera·

254 4021 363 4095 verat,
375 4021 408 4082 et
420 4015 568 4083 lacobus
583 4015 795 4109 DequesneS,
807 4017 866 4108 qui
880 4016 1051 4084 tumultus
1063 4014 1202 4086 Castelli
1218 4015 1375 4084 Camera-

286 4167 309 4216 t.
328 4166 402 4216 Canu
421 4165 453 4216 dc
465 4164 615 4226 Granuclle,
631 4166 665 4226 ll,
680 4182 705 4232 p.
721 4167 746 4218 2.

285 4255 310 4305 2.
329 4255 448 4306 Relation
462 4255 508 4305 dea
524 4254 647 4313 troubles,
666 4271 690 4319 p.
706 4255 788 4308 aar-28.

287 4345 311 4397 3.
329 4343 406 4405 laid,
421 4360 447 4409 p.
458 4343 545 4394 ro-aa.
774 4352 776 4355 “
