2968 5072
300 458 357 519 172
693 470 732 517 na
753 469 844 515 vesu
868 468 1015 515 crusnam

299 700 304 707 φ
341 614 453 685 Petita
472 637 491 682 a
512 614 632 682 multis
646 612 748 682 venia
765 618 932 704 tanquam
949 634 1133 705 pennarum
1149 613 1263 706 quies,
1283 638 1301 679 a
1317 612 1400 696 dum,
1466 660 1467 669 κ

296 728 334 794 ut
371 721 479 813 Viglii
516 721 620 790 verba
659 744 882 813 usurpemus,
912 719 1151 790 criminalium
1186 743 1402 812 processuum

296 828 432 899 nullum
449 831 555 899 linem
569 828 744 913 videbant,
760 852 797 897 ac
811 828 884 920 jam
899 828 989 897 ultra
1004 835 1082 896 octo
1099 827 1215 896 millia
1230 829 1401 898 hominum

296 937 486 1030 proscripta
508 937 732 1029 munitaque,
759 940 965 1028 praeterens
991 936 1050 1029 qui
1075 934 1216 1028 publico
1245 935 1400 1029 supplicio

296 1045 408 1115 allecti
434 1046 623 1127 lucrant‘‚
653 1068 671 1110 r
698 1043 758 1112 sed
784 1042 1078 1136 quemadmodum
1104 1043 1367 1113 Maximilianus
1388 1068 1403 1111 a

296 1153 427 1243 Bagis,
445 1157 485 1220 ut
498 1150 610 1220 aiebat
625 1150 856 1229 Mocillonius,
873 1154 1014 1244 propter
1029 1148 1241 1219 servandum
1257 1151 1404 1221 Mantinii

295 1265 399 1352 caput
437 1259 574 1326 veniam
607 1258 818 1349 postulabat,
855 1259 902 1326 ita
935 1257 1083 1349 negabat
1119 1280 1199 1326 eam
1245 1258 1404 1342 Albanus,

295 1365 497 1447 nonnullos,
518 1370 622 1457 atquc
648 1364 857 1434 Montinium
880 1364 915 1433 in
944 1365 1064 1458 primis
1088 1365 1179 1433 inter
1203 1387 1279 1448 eos,
1306 1366 1407 1435 subla·

295 1480 405 1543 turus.
1246 1558 1251 1565 ν

338 1581 458 1673 Itaque
480 1602 553 1655 non
577 1581 708 1649 interea
730 1578 933 1648 consederat
953 1582 1076 1663 terror,
1095 1602 1176 1648 cum
1197 1580 1234 1649 in
1260 1580 1407 1650 Concilio

294 1687 603 1779 Turbarum,quod
619 1687 770 1756 maxime
786 1683 1043 1770 dominabatur,
1060 1685 1200 1756 additus
1216 1693 1270 1756 est
1285 1687 1408 1780 collega
1468 1754 1469 1773 g

300 1795 460 1887 Vergasio
479 1802 512 1861 et
523 1793 701 1864 Ludovico
717 1794 774 1861 del
791 1793 856 1860 Rio
873 1793 1108 1886 Hieronymus
1122 1792 1233 1879 Roda,
1250 1795 1408 1888 hispanus

294 1925 433 1994 quoque
458 1902 587 1978 homo;
619 1900 719 1969 caecis
744 1900 948 1968 criminibus
971 1900 1026 1968 vel
1050 1901 1249 1992 suspicione
1281 1908 1407 1972 tantum

294 2009 463 2105 implicati
477 2009 596 2100 plnres
609 2018 723 2099 atque,
739 2006 1054 2099 ut'publicarentur
1068 2007 1172 2090 bona,
1190 2009 1304 2100 capite
1323 2010 1408 2078 dam·
1469 2048 1470 2059 κ

296 2116 378 2185 nati.
395 2115 523 2185 Latum
537 2121 586 2184 est
602 2115 754 2197 tandem,
770 2113 861 2183 died
886 2114 1018 2182 mensis
1037 2114 1152 2182 martii
1167 2120 1256 2185 1570
1274 2116 1316 2185 ab
1337 2116 1406 2184 His·

294 2223 392 2317 panis
410 2220 617 2291 consiliariis
633 2221 817 2313 judicium,
835 2243 905 2311 quo
926 2227 1004 2289 tum
1019 2221 1055 2288 in
1076 2222 1322 2291 marchionem
1337 2223 1406 2291 Ber·

296 2352 451 2421 gamem,
469 2330 528 2420 qui
548 2329 622 2420 jam
647 2328 774 2397 abhinc
800 2328 911 2397 tribus
931 2327 1032 2396 annis
1056 2334 1217 2398 mortuus
1237 2336 1326 2414 erat,
1342 2331 1405 2400 ani-

294 2428 583 2520 madvertebatur,
601 2443 678 2504 tum
691 2435 728 2502 in
741 2434 962 2520 Montinium‚
976 2434 1089 2503 adhuc
1105 2436 1267 2528 Segoviae
1281 2460 1404 2508 carcere

294 2543 482 2626 inclusum,
496 2542 629 2612 itineris
644 2541 729 2611 olim
744 2541 905 2610 comitem
919 2541 942 2611 ’.

295 2644 299 2652 ’
338 2652 470 2720 Infecta
482 2657 599 2718 tamen
613 2672 748 2742 semper
763 2649 805 2718 de
818 2648 961 2717 decimae
974 2650 1104 2719 tributo
1120 2674 1174 2720 res
1189 2659 1279 2722 crat.

266 2808 269 2813 -
296 2752 301 2759 ’
339 2757 519 2827 Debellato
533 2756 684 2848 Orangio
707 2761 741 2824 et
760 2757 797 2823 in
814 2754 965 2825 Galliam
979 2779 1147 2848 regresso,
1164 2766 1246 2851 post
1262 2761 1404 2831 reditum

293 2858 438 2935 victoria
467 2864 643 2934 exsultans
671 2864 829 2932 Albanus
852 2885 929 2932 eam
951 2864 1019 2932 sibi
1045 2864 1209 2957 opinatus
1235 2876 1310 2938 erat
1338 2870 1402 2937 lora

294 2975 533 3064 auctoritatem
547 2977 597 3055 ul,
615 2993 686 3039 non
701 2971 880 3039 resistente
896 2971 1083 3062 provincia,
1097 2974 1269 3043 tributum
1282 2999 1402 3044 novum

294 3086 507 3176 imponeret:
533 3102 599 3170 qno
632 3100 703 3146 uon
729 3078 950 3146 solummodo
975 3078 1146 3148 solvendae
1184 3082 1351 3174 impensae
1372 3084 1402 3150 in

293 3190 414 3281 Belgio
423 3190 532 3265 luctae,
542 3186 598 3254 sed
611 3183 1193 3277 etiamcolligendapecuniaquam
1205 3189 1402 3258 infuturum

295 3300 484 3390 seponeret.
498 3295 547 3362 Ea
562 3314 652 3360 nova
663 3291 783 3360 tributi
799 3292 887 3360 ratio
901 3297 985 3374 erat,
998 3317 1016 3358 a
1031 3298 1070 3361 ut
1082 3316 1200 3362 rerum
1213 3297 1400 3377 mobilium,

295 3403 454 3495 quotiens
490 3398 915 3480 venderentundecima,
942 3399 1180 3468 immobilium
1216 3404 1399 3495 vigesima;

295 3511 453 3580 omnium
468 3531 549 3577 vero
563 3505 746 3575 centesima
764 3505 870 3574 semel
883 3527 904 3573 a
917 3505 1034 3595 Belgis
1050 3507 1260 3597 penderetur
1275 3511 1297 3580 ³.
1314 3509 1400 3579 »Sed

297 3617 442 3688 Ordines
458 3614 636 3707 generales
650 3613 693 3683 ob
706 3613 795 3681 hanc
809 3634 949 3681 causam
963 3620 1172 3683 convocatos
1187 3617 1235 3683 ite
1251 3617 1404 3687 adversa-

295 3726 365 3792 rios
379 3723 535 3792 Albanus
550 3720 684 3803 habuit,
701 3724 752 3804 ut,
778 3742 857 3789 cum
877 3718 965 3786 nibil
986 3743 1028 3787 ex
1050 3720 1093 3789 iis
1113 3722 1295 3808 obtineret,
1313 3726 1352 3795 de
1371 3747 1402 3791 re

299 3854 378 3900 cnm
409 3829 667 3923 provinciarum
692 3826 844 3896 Statibus
873 3849 975 3916 agere
1004 3807 1145 3898 doactus
1173 3831 1288 3901 luerit.
1314 3830 1403 3900 Haud

297 3937 409 4029 magis
422 3935 588 4005 successit
601 3936 740 4026 incepta
756 3956 824 4013 res,
843 3938 947 4026 atque
963 3932 1040 4001 ideo
1055 3940 1141 4004 tunc
1156 3937 1329 4029 neglecta,
1344 3960 1404 4006 non

326 4191 350 4241 l.
362 4188 483 4246 Homer,
494 4199 521 4250 p.
535 4183 592 4237 547.

327 4287 352 4338 2.
369 4286 443 4336 Cora.
454 4283 487 4333 de
497 4281 625 4346 Philippa
637 4280 674 4343 11,
684 4285 704 4331 t.
717 4279 750 4331 ΙΙ.
762 4293 789 4343 p.
804 4279 859 4331 123.

328 4384 351 4435 3.
363 4384 482 4442 Scaeas,
497 4394 524 4445 p.
539 4377 594 4430 380.
