2968 5072
265 336 324 399 lto
659 352 698 397 na
720 350 813 398 vanu
834 318 988 399 ommuni

263 495 427 574 vidimus,
456 500 490 564 et
506 495 692 588 pontificiae
722 494 833 565 venire
849 494 1086 565 condonandae
1101 494 1214 587 gloria
1228 494 1260 563 ei
1288 516 1372 585 aegre
1463 572 1464 587 χ

264 603 413 694 praeberi
427 602 580 672 debuit¹.
605 601 753 671 Nullum
771 607 889 671 tamen
906 603 1194 695 impedimentum
1220 601 1372 670 conscri-
1463 600 1464 625 ³

262 708 374 779 bendo
389 710 484 780 brevi
500 709 659 779 allatum.
673 710 833 801 Quinque
846 716 924 801 post
947 717 1125 802 acceptam
1140 709 1267 778 Albani
1283 709 1371 799 flagi·
1464 702 1465 777 l

261 816 429 885 tationem
445 816 577 899 diebus,
594 817 702 885 missa
716 814 760 884 ad
773 815 951 886 Albanum
980 840 1084 908 quam
1102 821 1285 909 rogaverat
1300 816 1368 883 for·

262 924 373 1001 mula;
390 925 577 1017 incipiente
591 924 778 1015 septembri
792 945 911 992 mense
927 927 1012 994 1569
1028 931 1166 1016 recepta
1181 932 1204 991 ⁸.

307 1033 377 1102 Cur
397 1054 469 1100 non
495 1032 613 1100 statim
636 1029 855 1123 promulgata
877 1030 922 1098 sit
940 1054 1044 1123 supra
1065 1031 1304 1123 exposuimus.
1327 1031 1372 1098 lle

262 1139 455 1230 prolatione
468 1137 621 1207 monitus
637 1135 906 1214 Granvellanus3
921 1137 981 1206 sed
994 1144 1179 1229 antequam
1195 1160 1251 1206 res
1266 1137 1374 1205 cardi-

262 1245 353 1314 nalis
381 1245 460 1314 fidei
490 1245 765 1314 committeretur
792 1251 814 1327 ¹,
839 1266 859 1312 a
886 1267 967 1335 rege
996 1243 1039 1313 ad
1066 1244 1243 1313 Albanum
1268 1246 1373 1311 fuerat

263 1353 432 1445 scriptum
447 1359 486 1422 ut
497 1353 607 1421 venire
624 1350 856 1442 promulgatio
869 1357 1103 1420 maturaretur
1117 1356 1139 1420 ⁴.

306 1460 421 1542 Quam
449 1482 525 1528 esse
554 1458 750 1550 proximam
776 1458 847 1526 fere
873 1459 1021 1550 quisque
1050 1458 1092 1527 ab
1120 1458 1221 1527 initio
1251 1459 1373 1527 mensis
1465 1452 1466 1459 '

261 1566 381 1658 aprilis
408 1571 494 1636 1570
523 1564 694 1634 credebat.
721 1566 774 1635 Ex
803 1563 910 1655 Viglii
934 1566 1057 1634 litteris
1083 1566 1126 1635 ad
1153 1567 1371 1659 Hopperum:

260 1697 279 1740 e
296 1672 559 1741 Illustrissimus
574 1673 653 1740 Dux
668 1670 842 1740 Praesules
855 1671 988 1762 aliquot
1002 1674 1072 1741 huc
1087 1673 1230 1752 excivit
1247 1683 1286 1742 ut
1300 1695 1373 1740 cum

260 1781 345 1872 ipsis
366 1780 408 1849 do
430 1780 538 1873 gratia
562 1778 752 1871 apostolica
767 1778 987 1872 exsequenda
1000 1782 1248 1864 communicet,
1268 1803 1374 1872 spera·

260 1911 407 1980 musque
427 1889 572 1979 Regiam
592 1885 894 1969 condonationem,
920 1880 1035 1977 quam'
1048 1886 1183 1956 tamdiu
1208 1887 1375 1956 desidera-
1466 1924 1467 1977 p

165 2020 170 2033 ·
259 1996 387 2075 vimus,
402 2018 485 2063 mox
500 1995 763 2063 subsecuturam
778 1996 799 2061 ⁸.
818 2018 837 2061 a
854 1994 1019 2086 Sequenti
1034 2017 1170 2063 mense:
1190 2020 1209 2062 a
1227 1997 1376 2065 Gratiam

260 2104 393 2194 regiam
413 2109 516 2194 atque
536 2102 763 2193 apostolicam
783 2106 862 2169 ante
877 2101 1006 2169 festum
1020 2101 1201 2171 Trinitatis
1219 2103 1376 2194 publica-

260 2218 380 2280 turum
395 2232 431 2278 se
446 2208 607 2301 promisit
619 2206 641 2277 ⁸.
664 2232 683 2274 ›
700 2207 797 2277 Idem
814 2207 934 2276 decem
949 2215 1029 2300 post
1044 2208 1181 2278 diebus:
1208 2234 1227 2276 ‹
1251 2209 1378 2278 Conde-

260 2317 480 2409 natioRegiae
488 2315 679 2408 Maiestatis
691 2313 850 2383 nondum
862 2313 1039 2406 publicata
1052 2322 1114 2395 est,
1128 2339 1253 2385 verum
1265 2323 1375 2385 tamen

260 2425 298 2492 in
326 2432 458 2493 certam
487 2445 584 2514 spem
617 2443 738 2490 omnes
767 2420 975 2490 adducimur
1003 2429 1081 2491 ante
1110 2424 1219 2516 hujus
1251 2425 1374 2493 mensis

262 2532 394 2600 exitum
409 2553 487 2599 eam
500 2529 781 2597 lllustrissimum
795 2529 971 2597 Ducem...
987 2530 1251 2621 propositurum
1267 2540 1290 2598 ⁷.
1308 2557 1326 2598 a
1380 2610 1385 2615 ,

303 2637 415 2706 Venia
429 2637 603 2727 generalis
614 2641 697 2731 tuno
707 2636 744 2702 in
751 2634 872 2726 Belgio
887 2636 1038 2727 primum
1054 2636 1236 2706 obtinebat
1249 2638 1371 2707 locum.

258 2747 380 2837 ltaque
392 2743 434 2813 de
450 2766 490 2812 ea
502 2766 539 2810 re
555 2743 591 2810 in
607 2741 762 2834 epistolis
783 2764 868 2833 quas
891 2742 1081 2827 Ferralius,
1092 2743 1218 2813 Galliae
1229 2745 1371 2837 legatus,

260 2851 304 2921 ad
330 2851 494 2921 Carolum
517 2849 568 2917 IX
591 2871 710 2940 regem
730 2848 901 2934 mittebat,
920 2851 1054 2919 multus
1071 2874 1199 2932 sermo,
1218 2852 1373 2944 idemque

259 2958 431 3037 nonnulla
444 2981 508 3026 nos
523 2956 633 3036 docet,
644 2978 721 3046 quae
735 2978 918 3047 nunquam
932 2956 1017 3025 alibi
1035 2959 1264 3050 reperiamus.
1275 2959 1374 3028 Dabi-

260 3067 347 3135 tavit
375 3066 435 3134 diu
453 3063 627 3134 Ferralius
642 3064 779 3132 veniam
800 3069 935 3133 essetne
955 3066 1244 3156 promulgaturus
1264 3067 1373 3135 statim

260 3174 432 3243 Albanus:
449 3174 579 3241 famam
594 3193 667 3239 esse
682 3192 805 3245 omnes
820 3171 931 3262 Belgii
947 3173 1127 3264 episcopos
1142 3172 1186 3240 ad
1202 3172 1295 3242 diem
1306 3183 1374 3240 ‚tam

260 3282 387 3349 festum
408 3277 656 3349 celebrandum
675 3283 924 3363 conventuros3
949 3301 1080 3347 sacram
1100 3302 1266 3372 pompam
1285 3303 1374 3348 nun-

260 3386 353 3474 tiari;
372 3387 432 3457 sed
450 3385 624 3479 praeterito
643 3408 734 3454 anno
749 3383 871 3453 eadem
886 3385 1015 3465 audita,
1034 3385 1123 3454 nihil
1142 3392 1260 3456 eutem
1275 3387 1373 3455 fuisse

293 3674 316 3728 1.
337 3644 459 3740 Correap.
477 3675 509 3726 de
528 3671 651 3739 Philippa
664 3673 699 3734 Π,
716 3675 733 3722 t.
749 3671 781 3732 11,
797 3686 825 3736 p.
846 3669 955 3724 tol-105.

290 3774 315 3826 2.
330 3774 442 3824 loid.11.
456 3787 483 3837 p.
503 3771 558 3822 106.

291 3873 316 3923 3.
335 3872 457 3937 Correap.
473 3871 505 3921 dc
520 3866 667 3931 (trenortio,
680 3869 722 3929 IV,
738 3882 764 3932 p.
776 3866 850 3919 9-11.

290 3970 316 4022 4.
334 3970 456 4033 corresp.
472 3970 504 4020 dc
517 3966 641 4034 Philippa
654 3968 689 4028 11,
703 3969 723 4017 t.
737 3964 770 4026 11,
784 3980 810 4030 p.
827 3965 882 4017 126.

293 4069 317 4118 5.
335 4069 458 4128 Horucs,
474 4081 499 4130 p.
512 4064 568 4114 558.

293 4167 317 4217 6.
335 4167 377 4219 ld.
392 4181 418 4231 p.
432 4164 489 4215 562.

289 4266 313 4318 t.
330 4265 372 4317 ld.
391 4279 417 4326 p·
429 4262 484 4313 565.
