2958 5076
237 421 296 483 1118
561 433 705 488 cuonone
727 434 842 480 nnnrsr
863 433 1038 480 ursmarus

283 579 411 648 Omnia
426 576 485 646 illa
499 577 733 647 Maximiliani
750 577 897 645 consilia
922 577 965 645 ad
986 577 1125 645 irritum
1142 577 1348 645 ceciderunt.

238 685 453 756 Clericorum
473 707 591 767 mores
610 707 682 753 non
702 685 850 754 correcti
871 689 953 753 sunt
976 689 1011 752 et
1030 706 1123 753 anno
1146 686 1233 753 1551
1254 685 1351 753 Maxi·

237 794 405 861 milianus
417 792 509 885 apud
524 791 746 881 Margaritam
762 791 1024 882 queriturquod
1034 792 1070 859 in
1085 792 1243 859 maxima
1253 791 1351 860 bono·

237 924 316 969 rum
335 900 616 993 presbyterorum
632 905 666 968 et
681 898 950 991 praedicatorum
972 899 1120 966 orbitate
1141 900 1215 966 sint
1235 897 1352 967 Valen-

237 1009 342 1076 tianae
356 1010 376 1076 ¹.
396 1008 519 1076 Plures
539 1007 646 1074 etiam
661 1010 820 1098 parentes
844 1005 989 1073 haeresis
1010 1005 1302 1094 infecerat,quam
1318 1012 1352 1073 ut

238 1116 275 1184 in
290 1114 420 1183 scholis
437 1112 613 1205 magistris
643 1113 825 1181 catholicis
844 1113 935 1204 apud
953 1109 1082 1204 pueros
1111 1134 1241 1201 magna
1268 1118 1351 1180 esset

237 1223 439 1292 auctoritas,
470 1224 675 1309 Quanquam
705 1226 822 1288 autem
855 1218 1070 1288 Valentianis
1107 1242 1180 1286 non
1206 1220 1351 1287 multum

238 1330 352 1423 potuit
366 1327 638 1406 Maximilianus,
657 1327 845 1395 calviniani
864 1332 983 1395 tamen
1003 1326 1199 1395 severitatis
1214 1348 1304 1416 quae,
1320 1327 1353 1392 in

237 1460 297 1505 eos
313 1437 547 1526 nequicquam
560 1434 715 1502 adhibita
731 1440 793 1517 est,
802 1438 981 1503 auctorem
997 1455 1078 1501 eum
1093 1455 1170 1501 esse
1185 1432 1354 1500 duxemnt

239 1546 273 1607 et
289 1539 443 1606 invisum
459 1537 666 1605 habuerunt.
683 1539 786 1606 Anno
804 1542 888 1609 1563
904 1538 1003 1631 plebs
1024 1540 1231 1617 Valencena,
1254 1562 1352 1630 quam

237 1646 389 1713 fortunis
405 1645 569 1713 omnibus
594 1636 799 1713 mercaturae
824 1647 1037 1715 intermissio
1062 1653 1246 1730 everterat,
1275 1648 1354 1715 civi·

238 1753 321 1821 tatis
350 1751 571 1841 magistratui
598 1752 732 1820 litteras
761 1754 869 1832 misit,
901 1753 1027 1844 quibus
1057 1754 1297 1822 Maximiliano
1324 1761 1355 1822 et

240 1859 486 1940 Granvellano,
503 1881 575 1926 non
589 1859 732 1949 quidem
753 1861 877 1939 inscio,
898 1861 1079 1953 supplicia,
1101 1862 1263 1929 miserias
1280 1885 1353 1929 suas

240 1968 441 2060 militesque
457 1967 494 2033 in
506 1965 592 2033 urbe
607 1968 816 2035 constitutos
833 1966 1013 2057 delegabat
1027 1967 1050 2035 ¹.

285 2076 371 2142 Toto
399 2096 491 2142 anno
522 2076 619 2151 1561,
650 2073 910 2145 Maximilianus
939 2098 1020 2143 cum
1054 2075 1301 2164 quaesitoribus
1323 2081 1354 2142 et

241 2182 425 2272 Margarita
445 2181 619 2248 haereticis
641 2180 819 2249 attendere
847 2204 919 2249 non
938 2182 1066 2250 desinit
1095 2191 1128 2249 et
1154 2180 1196 2249 de
1227 2183 1352 2274 inclyto

240 2289 468 2380 pradicatore
493 2287 710 2379 Valentianis
735 2288 905 2368 habende,
936 2288 978 2356 de
1011 2288 1222 2356 deversoriis
1251 2290 1352 2380 inspi-

241 2395 375 2465 ciendis
390 2402 423 2463 et
445 2394 690 2485 conjunctione
713 2395 992 2464 Valencenorum
1018 2396 1298 2463 calvinianorum
1324 2402 1355 2463 et

239 2504 420 2572 Gallorum
436 2503 697 2593 hugonotorum
721 2502 936 2593 prohibenda
965 2526 1045 2571 cum
1066 2502 1193 2570 iisdem
1220 2509 1350 2571 tractat.

194 2666 202 2683 .
239 2609 456 2678 Sedabauno
474 2613 560 2678 1555
571 2609 788 2678 Valentianis
804 2610 875 2677 fere
890 2610 980 2677 nihil
997 2610 1069 2700 egit
1082 2610 1352 2701 Maximilianus.
1453 2682 1454 2697 χ

239 2717 335 2784 Tunc
364 2716 582 2783 tumultuum
612 2715 893 2785 Valencenorum
927 2717 1076 2784 historia
1109 2718 1209 2807 quasi
1239 2724 1354 2784 vacat:
1453 2714 1454 2721 '

238 2822 455 2893 Valentianas
472 2823 567 2890 enim
585 2822 777 2915 suppliciis,
796 2824 979 2892 fustuariis
995 2822 1199 2915 exsiliisque
1215 2825 1356 2893 exhaus-

238 2937 282 2999 tae
300 2936 334 2998 et
348 2930 450 2999 victae
466 2929 629 2998 videntur
642 2928 663 2998 ³.

227 3112 230 3116 Α
281 3039 385 3106 Anno
401 3044 519 3106 autem
539 3042 691 3129 pestere,
714 3037 899 3119 militibus,
930 3047 969 3108 ut
998 3041 1046 3107 ita
1074 3039 1203 3121 dicam,
1233 3038 1357 3107 cedunt

238 3146 369 3216 clerici.
392 3146 488 3212 Tunc
517 3145 611 3212 enim
641 3150 712 3212 tam
742 3146 846 3212 multi
874 3154 973 3214 erant
1000 3147 1056 3214 vel
1086 3145 1275 3214 Valenceni
1304 3147 1355 3215 vel

239 3255 347 3322 exteri
363 3252 552 3320 calviniani
572 3258 612 3319 ut
633 3251 858 3320 Valentianas
887 3254 1033 3322 alteram
1060 3253 1241 3321 Genevam
1269 3255 1356 3322 lutu-

225 3383 314 3437 ,ram
331 3360 498 3428 dicerent.
515 3361 547 3425 A
565 3358 750 3448 Margarita
765 3357 887 3449 jussus
909 3360 1000 3427 intra
1027 3359 1150 3427 urbem
1179 3361 1356 3450 praesidia-

239 3468 310 3535 rios
329 3465 462 3532 milites
482 3466 636 3557 accipere
657 3465 894 3554 magistratus,
921 3472 1061 3558 propter
1081 3466 1236 3535 civitatis
1254 3469 1355 3559 privi-

240 3573 343 3662 legia,
361 3571 477 3639 noluit
491 3578 525 3640 et
540 3577 657 3662 portas
675 3571 800 3640 clausit
822 3573 892 3661 (die
922 3578 962 3641 11
992 3595 1101 3640 mens.
1134 3572 1212 3641 dec.
1245 3575 1352 3663 1556).

238 3681 333 3747 Tunc
348 3701 410 3770 pro
421 3678 598 3746 seditiosis
614 3701 652 3747 ac
666 3702 729 3770 pro
745 3680 851 3770 Regis
863 3680 1051 3771 patriaeque
1061 3679 1223 3747 hostibus
1234 3680 1354 3749 Valen-

239 3792 377 3855 cenates
392 3785 575 3876 Margarita
590 3784 723 3853 habuit.
745 3786 872 3854 Statim
893 3786 1120 3855 Valentianas
1140 3787 1206 3877 qui,
1219 3791 1356 3879 propter

238 3893 403 3962 haeresim
417 3898 478 3959 aut
493 3893 607 3962 scelus
626 3893 768 3984 aliquod
784 3894 821 3961 in
836 3893 1000 3975 exsilium
1017 3895 1085 3962 acti
1101 3902 1197 3962 erant
1213 3893 1355 3964 redeunt

270 4134 294 4185 1.
312 4134 463 4195 Pennana,
481 4133 530 4197 Op.
541 4133 600 4192 cit,
610 4132 657 4194 IV,
672 4147 700 4196 p.
716 4132 771 4185 113.

271 4232 296 4284 2.
315 4233 366 4293 ld,
382 4231 417 4282 III
431 4246 457 4295 p.
472 4229 529 4284 151.
548 4257 574 4267 —
585 4230 698 4295 Papiera
714 4229 888 4291 u'araqtrll,
900 4244 927 4294 p.
941 4228 997 4280 219.

215 4336 219 4341 ’
272 4332 297 4383 3.
315 4327 638 4393 Ρ111111111,111,ρ.113.
