2968 5072
384 474 422 518 ua
442 474 640 520 ulxruunuo
663 473 836 519 urrunnun
857 475 990 520 suasore
1185 460 1243 519 137

124 617 402 709 inducere'posse
411 619 581 709 etRegem
592 624 628 685 ut
642 618 677 684 in
687 616 846 709 Belgium
861 619 978 687 veniat
986 625 1026 687 et
1040 619 1244 688 Pontificem

124 732 167 795 ut
181 724 327 795 clericos
347 725 494 816 corrigat
515 725 706 818 jubeatque
725 724 923 793 Tridentina
943 724 1080 795 decreta
1102 725 1244 818 religio-

127 833 269 902 sissime
284 832 425 902 servari.
438 834 556 925 ltaque
571 831 734 900 intereos
751 833 847 922 quasi
862 842 984 900 mutua
996 832 1079 902 fides
1092 833 1246 925 erat,qui

126 939 172 1010 de
187 949 258 1009 tam
273 940 436 1032 gravibus
451 940 555 1008 rebus
573 939 656 1032 quid
677 940 843 1008 sentirent
866 941 999 1009 sineere
1023 941 1194 1032 aperirent
1210 946 1244 1009 et

128 1046 351 1117 Granvellani
364 1049 498 1130 litterar,
515 1055 555 1117 ut
585 1046 677 1145 idem
707 1069 841 1140 semper
856 1048 1009 1127 sentiret,
1037 1046 1245 1117 Maximilia·

104 1150 107 1155 ’
126 1177 216 1225 num
231 1154 464 1247 impellebant.

175 1262 237 1330 His
261 1284 336 1330 sero
360 1263 508 1353 acceptis
533 1263 669 1346 litteris,
695 1262 947 1332 Granvellanus
971 1262 1026 1331 die
1053 1265 1092 1331 13
1113 1261 1244 1330 mensis

129 1368 324 1440 decembris
352 1371 437 1440 1566
463 1369 640 1462 respondit
660 1377 682 1453 ¹,
699 1371 824 1439 merito
849 1369 890 1438 de
916 1375 968 1438 tot
994 1368 1245 1438 calamitatibus

127 1475 408 1546 Maximilianum
423 1478 534 1570 queri,
549 1480 594 1559 et,
613 1484 652 1545 ut
665 1476 862 1569 reipublioae
876 1476 1026 1569 peritum
1037 1477 1147 1560 decet,
1161 1498 1246 1568 quas

128 1584 174 1653 ob
188 1606 308 1652 causas
323 1590 378 1653 r'es
393 1585 440 1654 ita
452 1585 638 1653 turbentur
652 1583 821 1652 edisserit.
836 1582 1022 1652 Tumultus
1035 1584 1173 1652 crimini
1188 1582 1246 1651 dat

127 1690 313 1775 ministriS,
330 1713 417 1783 quos
441 1692 608 1784 proximis
633 1691 734 1758 annis
753 1713 807 1760 res
822 1691 1083 1784 imperitissime
1098 1691 1247 1781 gessisse

129 1799 256 1890 arguit.
274 1799 393 1890 Itaque
413 1822 484 1867 non
504 1797 723 1869 severitatem
745 1797 782 1865 in
800 1798 981 1866 haeretioos
997 1799 1246 1889 seditiososque

130 1905 260 1975 laudat.
278 1906 322 1974 Bt
339 1928 537 1997 quanquam
555 1905 755 1974 auctoribus
774 1906 974 1997 proceribus
995 1929 1015 1974 a
1039 1907 1131 1996 Rege
1150 1927 1249 1973 revo-

130 2019 230 2083 catus
253 2018 338 2091 erat,
356 2012 539 2081 arbitratur
553 2035 607 2081 res
622 2011 783 2080 nonnihil
795 2013 969 2081 restitutas
983 2035 1069 2092 esse,
1089 2018 1248 2080 tantum-

129 2119 237 2189 modo
268 2119 359 2210 quod
388 2119 573 2211 Orongim,
604 2119 811 2210 Bgmontius
837 2119 1131 2211 Mansfeldiusque
1156 2122 1247 2187 recte

130 2252 168 2297 se
183 2227 365 2318 gesserint.
382 2227 504 2319 Sperat
530 2228 671 2318 Regem,
690 2226 719 2294 si
746 2226 873 2311 veniat,
895 2235 1022 2295 cuncta
1038 2232 1123 2294 tunc
1144 2225 1248 2294 etiam

130 2335 258 2405 leniter
277 2340 310 2402 et
328 2333 498 2403 benevole
513 2339 753 2427 reparaturum
769 2356 856 2401 esse.
875 2333 1050 2416 Quantum
1065 2332 1134 2400 illae
1146 2355 1248 2401 voces

132 2440 294 2512 «leniter
312 2447 347 2510 et
372 2438 576 2511 benevole»
595 2440 835 2510 Maximiliano
851 2440 1046 2534 placebant!
1064 2439 1156 2531 quod
1171 2440 1248 2531 ejus

132 2549 326 2620 clementiae
349 2547 613 2616 incitamentum
636 2547 845 2617 afferebant!
869 2548 1004 2640 Itaque,
1026 2546 1080 2615 bis
1099 2546 1249 2638 acceptis

130 2655 267 2734 litteris,
286 2654 545 2724 Maximilianus
566 2656 682 2723 statim
708 2654 940 2725 Granvellano
960 2652 1151 2746 respondit⁸
1184 2654 1248 2723 sibi

131 2785 272 2857 qnoque
288 2769 522 2856 opportunum
537 2761 699 2832 viderint
714 2763 787 2830 Rex
802 2763 838 2831 in
853 2763 1014 2854 Belgium
1025 2785 1131 2854 quam
1144 2760 1250 2830 celer-

131 2870 222 2939 rime
239 2868 436 2939 adveniret:
461 2869 643 2938 seditiosos
659 2869 766 2951 enim,
783 2870 812 2936 si
832 2871 986 2961 quinque
1001 2877 1061 2938 aut
1076 2892 1136 2937 sex
1152 2891 1250 2937 men-

131 2978 226 3047 sium
240 2977 289 3045 eis
304 2977 415 3045 otium
428 2976 689 3070 relinqueretur,
706 2999 762 3044 res
777 2977 825 3044 ita
838 2977 1020 3045 molituros
1035 2999 1109 3044 esse
1122 2982 1162 3043 ut
1175 2998 1251 3066 quae

132 3082 232 3155 nulla
250 3106 406 3174 unquam
422 3083 489 3151 alia
503 3106 587 3174 gens
599 3106 700 3175 passa
719 3092 810 3152 esset
831 3081 957 3175 Belgae
972 3088 1087 3151 essent
1102 3082 1249 3173 passuri.

132 3192 232 3260 —Bt
258 3190 330 3260 baec
347 3190 486 3282 scripsit
504 3191 764 3259 Maximilianus
784 3190 1003 3273 tumultibus,
1021 3188 1146 3284 quibus
1173 3187 1252 3257 Cas·

133 3299 257 3370 tellum
276 3298 525 3368 Cameracensa
547 3303 580 3367 et
603 3297 819 3368 Valentiaure
838 3298 1046 3391 perturbata
1062 3300 1171 3378 orant,
1185 3302 1251 3364 ter·

132 3408 236 3477 ritus.

179 3515 260 3584 Nou
277 3514 354 3583 aliae
373 3522 455 3584 sunt
469 3513 569 3582 editae
589 3512 818 3582 Maximiliani
838 3511 882 3580 ad
903 3510 1173 3581 Granvellanum
1192 3517 1253 3579 aut
1304 3538 1311 3551 ·

135 3621 358 3693 Granvellani
387 3620 430 3689 ad
458 3619 736 3690 Maximilianum
763 3619 897 3702 litterae,
928 3623 1052 3709 praeter
1076 3616 1118 3687 de
1149 3619 1253 3710 Regis

135 3729 288 3799 adventu
300 3727 530 3798 Maximiliani
540 3727 738 3819 epistolium
751 3727 819 3815 (die
829 3729 869 3796 31
884 3725 1015 3795 mensis
1025 3725 1107 3795 Maii
1119 3726 1218 3815 laet)
1230 3725 1252 3791 ³.
1280 3710 1287 3727 ’

133 3838 165 3908 N
168 3860 214 3907 on
224 3843 342 3906 tamen
355 3835 551 3904 litterarum
562 3834 771 3903 commercio
784 3832 990 3902 destiterunt
1002 3838 1036 3902 et
1047 3856 1110 3925 per
1123 3832 1254 3900 litteras

137 3945 241 4015 nobis
260 3942 397 4034 ignotas
420 3941 684 4022 Granvellanus,
702 3941 761 4033 qui
779 3939 870 4032 apud
884 3938 978 4033 'alios
995 3962 1087 4032 saepe
1102 3938 1254 4008 clemen·

171 4192 204 4245 1.
221 4191 346 4259 corrup.
357 4190 390 4244 de
402 4190 549 4253 Gradoctte,
562 4189 595 4253 11,
607 4204 633 4255 p.
649 4187 762 4241 rra-150.

172 4289 297 4353 edeta„
324 4289 397 4354 11,1›.
412 4289 532 4341 204-205.

172 4391 197 4443 3.
212 4390 305 4442 Gaetu
322 4401 375 4440 vau
391 4389 571 4451 eumarum,
589 4388 636 4452 Op.
653 4388 709 4449 cit,
725 4386 771 4448 lX,
787 4399 816 4451 p.
833 4385 919 4438 4748.
