2988 5078
237 438 276 500 16
300 416 308 427 ¹
713 446 881 495 rnouuum

236 594 532 688 dubioIAlbanum
548 592 591 660 ad
608 592 745 661 veniam
762 598 959 685 generalem
972 615 1064 661 anno
1080 597 1164 663 1570
1177 590 1363 685 publican-
1379 678 1387 691 Ι

238 707 316 775 dam
331 700 544 771 induxerint.

283 932 542 1004 Maximilienus
555 935 683 1009 autem,
705 932 765 1023 qui
783 953 845 1023 pro
863 932 1036 1001 hereticis
1055 933 1191 1001 ueniam
1209 933 1358 1027 petebat,

241 1064 343 1111 suum
358 1047 474 1109 tamen
490 1039 767 1108 Cameracesium
782 1061 917 1131 semper
942 1039 1075 1108 viderat
1093 1064 1113 1107 a
1130 1039 1239 1109 Gallis
1254 1041 1361 1108 haere-

241 1149 319 1217 ticis
346 1148 445 1240 quasi
474 1147 665 1216 obsessum.
693 1144 969 1215 Cameracesium
989 1149 1083 1215 enim
1109 1148 1301 1240 antiquitus
1330 1152 1362 1215 et

245 1255 365 1346 lingua
379 1260 412 1323 et
435 1253 691 1347 propinquitate
716 1253 909 1323 faciliorem
932 1253 1095 1323 amicitiae
1118 1278 1257 1324 causam
1283 1276 1361 1323 cum

245 1362 355 1432 Gallis
370 1361 571 1444 habuerat¹,
602 1383 705 1452 quarn
730 1368 769 1428 ut
791 1359 912 1430 Galliae
935 1362 1104 1431 haereseos
1119 1363 1362 1453 contagionem

244 1471 428 1540 evinceret.
448 1469 535 1537 Cum
549 1473 663 1537 autem
678 1468 937 1539 Maximilinnus
953 1469 1236 1540 Cameracensem
1248 1470 1363 1538 sedem

244 1577 433 1660 obtinebat,
461 1582 544 1644 tunc
563 1582 727 1667 regnante
761 1575 885 1645 Carolo
912 1577 962 1645 IX
977 1578 1229 1671 Catharinaque
1258 1576 1365 1645 Medi·

245 1708 305 1755 cea
317 1684 545 1777 gubernante,
564 1690 661 1752 erant
675 1683 759 1752 belli
785 1683 898 1752 civilis
913 1684 950 1752 in
966 1685 1078 1754 Gallia
1093 1687 1205 1755 initia.
1224 1685 1269 1753 Et
1295 1683 1367 1752 bel-

245 1792 321 1861 lum
333 1790 423 1860 illud
437 1814 478 1859 ao
501 1790 681 1859 molestius
697 1791 935 1860 Cameracesio
961 1793 1123 1877 instabat,
1138 1792 1230 1885 quod
1249 1793 1367 1883 hugo-

189 1942 192 1947 <
246 1901 319 1970 noti
335 1922 416 1968 cum
432 1898 583 1987 belgicis
599 1898 761 1967 Gheusiis
778 1901 1091 1969 communicabant.

292 2005 475 2077 Proverbii
492 2007 570 2075 loco
585 2007 653 2075 dici
672 2006 816 2084 solebat,
836 2030 915 2075 cum
933 2007 1045 2076 Gallia
1069 2008 1253 2076 lutherana
1266 2014 1366 2087 esset,

249 2115 448 2187 Flandriam
465 2114 663 2182 haereticam
686 2137 758 2182 non
785 2114 860 2183 fieri
886 2138 957 2183 non
979 2139 1091 2208 posse.
1119 2117 1280 2183 Pastores
1311 2113 1368 2206 qui

249 2224 365 2292 autin
389 2221 502 2291 Gallia
528 2221 717 2313 hugonotis
739 2228 908 2313 praeerant
933 2229 993 2291 aut
1020 2224 1057 2291 in
1081 2223 1243 2313 Belgium
1270 2217 1370 2314 quasi

250 2329 457 2423 irrepebant,
475 2352 493 2397 a
510 2329 659 2398 Genevae
675 2329 805 2397 scholis
825 2330 932 2398 simul
950 2330 1078 2422 egressi
1094 2336 1205 2406 erant;
1223 2330 1370 2421 juvenes

252 2460 401 2529 quoque,
420 2437 480 2528 qui
499 2435 650 2504 Gallicas
667 2435 872 2505 Academias
888 2436 1144 2507 celebraverant
1156 2459 1226 2505 non
1236 2456 1371 2527 semper

251 2547 293 2616 ab
309 2544 462 2613 amicitia
474 2544 724 2633 magistrorum
750 2552 811 2613 aut
834 2545 1168 2638 condiscipulorum,
1186 2544 1245 2636 qui
1270 2539 1371 2612 multi
1479 2552 1480 2567 ¹

251 2653 294 2721 ad
318 2652 480 2720 haeresim
510 2650 735 2731 inclinabant,
769 2675 804 2719 se
835 2653 1074 2736 remorabant;
1100 2652 1213 2721 Gallia
1236 2657 1270 2719 et
1296 2648 1372 2718 Bel-

252 2761 351 2851 ginm
366 2765 577 2827 mercaturas
591 2759 681 2827 inter
694 2781 729 2826 se
744 2760 936 2844 faciebant3
951 2762 1040 2829 inter
1056 2761 1249 2852 praecipuos
1266 2758 1371 2826 duces

253 2867 454 2950 Condaeum,
473 2867 551 2935 dico
565 2866 600 2934 in
617 2865 742 2949 Gallia,
759 2868 796 2934 in
814 2867 933 2958 Belgio
955 2867 1158 2959 Orangium,
1174 2865 1288 2934 nuntii
1306 2865 1371 2931 tre·

254 2980 399 3069 quanter
415 2973 668 3043 commeabant.
685 2974 891 3066 Quanquam
915 2975 1100 3068 Philippus
1121 2976 1194 3043 Rex
1217 2972 1373 3041 Elisabe-

253 3086 350 3154 tham
378 3083 555 3153 Valesiani
580 3104 724 3150 uxorem
750 3083 906 3168 duxerat,
932 3084 1005 3152 Rex
1025 3082 1145 3152 Gallie
1169 3104 1240 3149 non
1261 3086 1373 3149 certus

255 3192 490 3284 Hispanorum
508 3190 625 3258 socius
644 3196 729 3273 erat,
746 3196 779 3260 et
795 3191 977 3282 Margarita
994 3190 1171 3283 querelam
1188 3189 1311 3257 habuit
1331 3187 1372 3256 de

255 3298 371 3369 Caroli
387 3299 438 3367 IX
452 3299 578 3389 legato,
596 3296 637 3365 de
664 3297 697 3365 la
720 3300 841 3366 Forest
863 3298 1018 3383 nomine,
1043 3299 1102 3391 qui
1119 3298 1150 3366 ei
1162 3296 1279 3365 dubiae
1294 3295 1372 3364 fidei

254 3407 435 3476 videbatur
449 3412 482 3474 et
501 3406 537 3473 in
550 3405 711 3496 Belgium
727 3405 862 3473 venisse
878 3411 925 3487 ut,
950 3406 979 3474 si
999 3410 1127 3499 posset,
1154 3405 1196 3473 de
1212 3402 1374 3495 Hispanis

256 3515 347 3585 male
360 3519 567 3589 mereretur;
583 3512 697 3604 itaque
711 3512 858 3582 addebat
882 3537 917 3582 sc
942 3512 1026 3605 quid
1053 3520 1181 3604 ageret,
1208 3534 1277 3604 quo
1297 3512 1372 3592 iret,

257 3624 468 3716 quibuscum
492 3626 755 3689 conversaretur
783 3620 1056 3690 animadvertere
1072 3626 1094 3688 ².
1125 3620 1256 3710 Gaspar
1282 3617 1375 3686 Coli-

257 3730 337 3799 nius
352 3737 386 3798 et
399 3728 581 3807 Condatem,
595 3750 675 3796 cum
691 3728 886 3798 Catharinae
906 3729 1067 3797 Mediceae
1084 3752 1119 3797 se
1131 3726 1373 3809 restituissent,

259 3838 301 3907 ab
318 3858 357 3907 aa
371 3836 543 3930 petierant
557 3841 596 3904 ut
608 3834 718 3927 Belgii
734 3836 837 3904 armis
853 3836 1045 3929 occupandi
1065 3835 1131 3903 sibi
1157 3840 1306 3927 potestas
1319 3834 1375 3903 lle-

258 3953 321 4029 ret,
336 3968 399 4014 nec
416 3944 610 4013 Catharinae
625 3949 709 4012 tunc
722 3943 758 4012 in
773 3945 947 4035 Belgium,
965 3943 1057 4035 quod
1073 3941 1281 4012 tumultibus
1295 3942 1378 4011 civi-

290 4207 312 4258 l,
329 4204 454 4257 Diacoura
469 4205 501 4256 dc
512 4201 599 4256 l'ertat
610 4205 704 4254 auctae
718 4207 743 4255 et
756 4204 880 4255 moderna
892 4203 924 4254 de
943 4206 970 4256 lu
981 4203 1044 4254 ville
1059 4206 1084 4253 et
1099 4203 1151 4253 cite'
1165 4203 1196 4252 de
1212 4202 1342 4268 cambray
1357 4217 1370 4254 e

259 4287 343 4339 duclla
356 4288 389 4338 de
399 4285 556 4347 cambresis,
567 4299 593 4350 p.
610 4284 656 4338 180
674 4284 748 4349 (Bibl.
763 4287 821 4335 Nat.
836 4284 878 4367 Mp
893 4284 979 4335 Fonds
994 4281 1126 4349 Franqais,
1142 4282 1238 4349 latae).

288 4385 312 4437 2.
329 4385 558 4451 Correrpondance
572 4384 605 4436 da
614 4384 777 4449 Marquertte
786 4382 952 4446 adstrictae„
969 4382 1002 4445 ll,
1012 4394 1038 4448 p.
1052 4382 1093 4434 93.
