2968 5072
408 385 448 432 nn
468 385 669 434 ulxrmrnuo
692 385 866 436 assuerim
888 386 1021 434 suasore
1215 373 1272 436 tat

150 532 185 592 et
202 547 305 595 suam
331 528 575 598 auctoritatem
598 528 761 623 legesque
789 529 1035 599 restituturum
1056 548 1161 621 quam
1182 553 1270 600 saeva

149 629 389 702 dominatione
398 635 538 704 lecisset
559 636 731 714 Albanum
756 643 832 705 tum
855 638 905 705 eis
931 638 1072 704 veniam
1093 637 1267 718 daturum,

149 739 210 831 qni
226 738 358 832 abipso
374 746 512 810 tanturn
532 742 782 836 catholicisque
807 743 982 836 theologis
1006 743 1267 826 dissensissent;

148 846 191 914 ab
206 847 392 928 iis'autem
411 849 470 942 qui
486 849 661 942 publicam
676 873 797 942 paoem
816 850 1061 929 turbavissent,
1086 851 1177 919 haud
1195 851 1269 920 sine

147 952 334 1023 elementia
348 978 467 1048 paenas
479 959 731 1049 expetiturum3
760 958 796 1025 in
821 981 879 1028 eos
896 964 1033 1026 tantum
1048 958 1270 1027 vehementer

147 1062 352 1130 saeviturum
366 1063 425 1155 qui
447 1065 484 1131 in
503 1065 662 1133 fortunas
693 1064 899 1134 invasissent
925 1075 985 1133 aut
1011 1063 1160 1156 alicujus
1188 1065 1268 1135 vitae

146 1168 293 1237 insidias
306 1171 537 1262 paravissent;
565 1171 713 1264 denique
733 1172 998 1264 inquisitionem
1021 1172 1268 1264 abrogaturum

145 1284 181 1344 et
193 1276 332 1346 decreta
346 1278 384 1345 in
398 1277 582 1348 haeretioos
600 1279 670 1347 lata
695 1285 930 1360 mutaturum3
949 1272 1034 1348 tune
1062 1281 1156 1347 enim
1184 1301 1269 1372 pro-

145 1406 243 1452 ceres
271 1386 424 1454 maximo
452 1386 567 1454 studio
606 1387 643 1453 in
672 1388 776 1477 Regis
816 1387 989 1454 dicionem
1019 1410 1263 1463 concessorem

144 1492 337 1560 maximam
360 1495 435 1584 ejus
463 1492 594 1586 populo
621 1495 694 1562 fore
721 1494 969 1570 reverentiam
995 1493 1198 1586 quinetiam,
1227 1499 1267 1562 ut

143 1600 298 1690 fitsaepe,
315 1598 443 1667 sedatis
462 1600 586 1680 turbis,
617 1600 822 1693 Philippum
850 1623 949 1669 suam
977 1607 1182 1692 potestatem
1208 1601 1265 1668 lir-

145 1707 240 1776 mius
254 1707 488 1775 stabiliturum
502 1705 523 1775 ¹.

190 1813 444 1883 Granvellanus
469 1815 542 1907 ipse
577 1815 680 1905 Regis
711 1813 901 1885 adventum
935 1813 1104 1885 suadebat
1129 1820 1163 1884 et
1187 1813 1262 1907 jam

143 1944 236 1991 anno
254 1924 339 1992 1562
354 1921 543 1990 Gonzalino
566 1920 705 1990 Perezio
732 1922 936 2016 scripserat:
954 1916 1024 1992 Pro
1045 1922 1110 1991 Dei
1130 1945 1261 2003 amore,

142 2028 229 2120 Regi
264 2030 517 2122 profectionem
547 2029 584 2096 in
618 2029 779 2119 Belgium
806 2029 1008 2123 parandam,
1048 2036 1087 2099 ut
1118 2035 1263 2115 ounotos

142 2136 280 2228 legibus
296 2136 369 2205 suis
382 2136 636 2228 constringeret
650 2141 686 2205 et
698 2137 735 2204 in
750 2138 881 2207 multos
894 2161 1003 2206 annos
1019 2160 1074 2205 res
1095 2159 1176 2205 suas
1189 2160 1260 2205 res-

140 2245 298 2327 titueret3
331 2244 368 2312 in
397 2244 469 2313 dies
495 2243 703 2336 religionem
738 2245 775 2313 in
811 2248 912 2338 pejus
944 2244 1119 2314 declinare
1127 2265 1137 2329 ς
1167 2245 1259 2337 Rege

139 2351 292 2432 ahsente,
310 2350 450 2419 nullum
463 2351 547 2419 mali
560 2352 767 2431 remedium,
785 2352 845 2421 sed
866 2352 897 2420 ei
912 2351 1041 2420 malam
1063 2353 1137 2420 lore
1162 2374 1261 2420 cons·

139 2459 301 2529 cientiam
324 2461 345 2527 '.
376 2459 419 2527 Et
447 2459 514 2550 ipsi
541 2458 735 2551 Philippo:
771 2459 807 2526 in
833 2457 993 2550 Belgium
1032 2457 1150 2526 venire
1178 2479 1260 2528 eum

139 2567 314 2660 expedire,
330 2566 390 2657 qui
413 2589 469 2634 res
484 2565 652 2634 seditione
675 2566 830 2634 turbatas
860 2564 962 2634 facile
989 2571 1024 2635 et
1051 2567 1198 2634 fortasse
1222 2566 1258 2634 in

137 2679 348 2768 perpetuum
361 2672 611 2765 componeret⁸.
629 2672 848 2741 Morillonius
864 2695 1000 2766 quoque
1013 2669 1258 2759 arbitrabatur,

138 2783 169 2850 si
184 2782 318 2850 adesset
330 2781 415 2860 Rex,
432 2801 590 2872 proceres
606 2779 676 2848 alio
691 2802 850 2848 sermone
872 2803 997 2848 usuros
1014 2781 1131 2871 (1565)
1145 2778 1166 2848 ⁸.

183 2889 262 2959 Non
276 2911 367 2957 unus
383 2887 490 2978 igitur
504 2885 763 2956 Maximilianus
785 2887 907 2979 Belgio
936 2887 1162 2956 commodum
1182 2888 1257 2956 lore

137 2998 257 3068 venire
273 2997 405 3087 Regem
421 2995 593 3063 censebat.
610 2994 663 3062 Ex
679 2995 744 3062 hoe
767 2999 884 3062 autem
905 2995 980 3086 ipso
1004 2999 1145 3086 apparet
1166 2994 1198 3062 ei
1225 2999 1259 3062 et

137 3104 297 3200 publicas
312 3125 367 3172 res
383 3125 475 3170 curae
490 3124 564 3170 esse
581 3107 616 3169 et
634 3100 677 3168 ad
700 3094 988 3194 tranquillitatem
1008 3100 1257 3169 restituendam

138 3212 250 3283 videri
264 3210 483 3280 elementiam
498 3209 532 3276 vi
548 3209 731 3302 potiorem.
751 3209 914 3277 Primum
932 3232 1022 3277 anno
1036 3209 1132 3277 lttdss
1149 3209 1258 3276 Maxi·

138 3320 324 3389 milianum
339 3316 500 3387 novimus
511 3316 616 3409 Regis
631 3315 819 3384 adventum
835 3317 986 3384 suasisse
1001 3315 1037 3383 in
1053 3314 1200 3407 epistola
1214 3313 1257 3383 ad

139 3425 410 3498 Granvellanum
435 3425 581 3517 scripta:
612 3424 744 3515 Regem
778 3423 836 3491 hio
869 3446 956 3504 esse,
999 3421 1125 3504 aiebat,
1155 3421 1256 3490 valde

138 3535 299 3628 expediat
314 3536 348 3602 et
376 3532 512 3600 utinam
524 3532 593 3600 hue
608 3532 704 3600 Deus
717 3553 797 3600 eum
816 3553 898 3629 mox
914 3528 1073 3598 redueat!
1094 3529 1129 3597 si
1144 3528 1257 3597 aditus

138 3641 182 3711 ed
197 3642 326 3733 Regem
345 3643 488 3731 pateret,
518 3662 598 3708 eum
624 3638 679 3706 val
702 3636 940 3707 Mediolanum
966 3659 1037 3704 non
1065 3635 1159 3704 adire
1184 3657 1258 3705 non

136 3770 276 3843 possem
289 3753 312 3816 ⁸.
596 3826 600 3831 .

169 3900 193 3953 r.
209 3900 329 3966 correp.
344 3899 376 3951 ae
387 3896 555 3965 Philippeia,
568 3897 589 3959 1,
599 3896 702 3948 mvn.

165 4000 192 4052 2.
206 3997 305 4064 neap
324 3996 373 4051 218
385 3996 479 4063 (uera
498 4009 581 4049 mens.
595 3994 725 4059 Augusti).

166 4095 382 4163 ampm

164 4198 189 4247 1.
208 4198 284 4249 Gerr.
295 4196 329 4249 de
339 4194 488 4257 Granum,
498 4194 519 4257 1,
534 4206 560 4258 p.
574 4192 615 4244 22.

161 4295 186 4346 o.
201 4298 295 4348 Goon
305 4307 358 4348 ven
371 4297 549 4358 Persarum,
561 4291 609 4357 ορ.
625 4290 682 4354 cit,
692 4290 712 4352 1,
723 4303 748 4355 p.
765 4288 821 4341 116.
