2988 5078
366 422 405 467 aa
426 417 635 466 clusascssio
656 417 858 471 accussiaouu
879 417 1083 464 cluaalcmsr
1263 406 1282 465 5

163 568 294 648 minor;
324 565 384 634 sed
412 569 507 632 extra
533 561 813 632 Cameracesium
835 561 996 654 episcopo
1025 562 1166 632 obnoxii
1187 570 1284 633 erant

166 676 351 746 decanatus
364 673 520 764 Hasprae,
544 669 845 754 Valentianarum,
868 671 1079 747 avenarum,
1104 670 1282 752 Malbodii,

165 781 293 874 Bagaci
309 779 531 859 Nerviorum,
551 777 669 858 Bintii,
706 778 890 863 Montium,
917 778 1058 863 Cerviae,
1091 780 1283 864 Hallarum,

166 889 331 969 Lessinae,
368 888 486 957 Sancti
518 885 629 954 Brixii
661 885 945 978 Bellomansique
975 909 1055 978 pars
1089 889 1212 981 major.
1245 889 1287 956 ln

168 994 417 1078 Cameraccsio,
437 1016 477 1063 eo
491 995 662 1085 majorem
676 994 917 1063 auctoritatem
927 994 1108 1086 episcopus
1122 996 1283 1079 habebat,

168 1104 261 1197 quod
276 1105 461 1195 episcopus
474 1100 635 1194 idemque
649 1124 765 1170 comes
781 1106 865 1171 erat.
887 1101 954 1170 Sed
970 1106 1064 1171 extra
1089 1103 1288 1172 Camerace-

169 1212 271 1294 sium,
288 1208 548 1302 provinciarum
569 1209 788 1301 Belgicarum
815 1208 997 1301 episcopus
1018 1216 1103 1294 erat,
1121 1216 1154 1279 et
1168 1211 1205 1278 in
1229 1209 1289 1279 illa

169 1320 304 1411 majore
320 1341 390 1386 suae
406 1317 563 1386 dioecesis
578 1320 674 1409 parte
705 1314 950 1385 ecclesiasticis
974 1324 1108 1386 tantum
1129 1318 1290 1388 muneri-

170 1426 235 1495 bus
248 1426 470 1517 fungebatur.
495 1424 725 1493 Gubernatori
743 1424 896 1492 universi
916 1424 1027 1516 Belgii
1043 1424 1212 1493 obnoxius
1225 1432 1287 1505 est,

170 1535 272 1625 cujus
285 1531 387 1624 quasi
403 1531 565 1600 minister
579 1531 740 1599 mandata
758 1532 957 1623 exsequitur
983 1538 1017 1600 et
1043 1533 1205 1624 episcopo
1232 1533 1290 1603 vix

172 1664 207 1711 se
221 1638 410 1732 subjiciunt
424 1639 589 1721 civitatee,
612 1663 699 1732 quae,
728 1638 828 1731 copia
855 1640 1114 1730 negotiatorum
1136 1645 1169 1708 et
1198 1663 1290 1709 com-

172 1754 348 1817 meatuum
364 1746 500 1831 divites,
517 1769 624 1839 prope
649 1745 692 1815 ad
715 1745 860 1815 liberam
885 1746 1196 1816 administrationis
1223 1750 1291 1818 for-

171 1880 265 1925 mam
281 1861 493 1925 accesserant
512 1860 544 1923 et
564 1854 826 1946 privilegiorum
850 1856 961 1947 magis
986 1877 1089 1946 quam
1111 1855 1291 1947 religionis

172 1963 335 2054 studiosa
351 1967 467 2031 erant:
488 1964 712 2054 magistratus
728 1963 787 2054 qui
802 1962 1066 2053 diligentissime
1084 1963 1288 2032 catholicam

171 2071 275 2140 fidem
296 2076 527 2153 servaverant,
552 2071 715 2161 episcopo
738 2070 992 2162 repugnabant,
1008 2072 1067 2163 qui
1092 2069 1134 2138 de
1154 2070 1290 2161 legibus

170 2178 321 2247 civitatis
342 2177 473 2270 aliquid
499 2177 702 2247 deminuere
730 2177 919 2247 videretur.
949 2179 1036 2246 Cum
1062 2177 1290 2246 Valentianas

132 2337 138 2351 .
171 2285 426 2357 Maximilianus
450 2285 514 2354 ivit
541 2292 579 2354 ut
605 2285 767 2354 baeresim
791 2285 1008 2377 exstirparet,
1038 2285 1155 2353 minus
1177 2285 1228 2352 illi
1247 2284 1288 2354 de

171 2393 342 2463 haereticis
357 2416 461 2485 quam
477 2393 518 2463 de
532 2392 680 2462 civitatis
698 2392 902 2485 privilegiis,
918 2416 993 2483 quae
1008 2394 1171 2484 episcopo
1185 2392 1289 2462 calvi-

170 2501 293 2572 nianos
304 2501 438 2570 tradere
453 2501 604 2584 nolebat,
619 2500 794 2592 agendum
809 2501 886 2569 fuit.

215 2609 474 2679 Cameracensis
490 2609 648 2678 diaecesis
663 2609 808 2678 dimidia
823 2610 960 2679 circiter
973 2633 1052 2702 pars
1068 2614 1142 2679 erat
1156 2617 1288 2680 metro-

168 2718 329 2811 politanae
344 2717 542 2811 provincias,
555 2717 597 2785 ad
611 2740 728 2809 quam,
743 2724 866 2809 praeter
878 2720 1175 2804 cameracensem,
1190 2723 1288 2789 Atre

170 2826 334 2909 batensis,
368 2825 609 2909 TornacensiS,
641 2825 994 2918 Andomaropolitana
1025 2826 1287 2901 namurcensis-

169 2957 235 3028 que
272 2935 435 3003 dioeceses
477 2933 706 3025 pertinebant,
735 2934 824 3001 inter
856 2932 1007 3003 Galliam
1043 2935 1284 3029 Belgiumque,

168 3042 422 3135 aGravelinga,
447 3041 619 3111 Flandriae
643 3047 759 3135 portu,
784 3040 827 3109 ad
848 3042 1060 3112 Namurcum
1085 3043 1284 3138 Mosamque

168 3151 345 3221 fluvium¹.
1132 3158 1137 3171 '

212 3258 503 3352 archiepiscopus
523 3258 688 3349 dignitate
704 3260 814 3350 magis
839 3281 943 3351 quarn
961 3259 1164 3328 auctoritate
1181 3284 1284 3351 supra

168 3372 300 3436 ceteros
318 3366 497 3460 episcopos
518 3366 704 3447 eminebat,
731 3372 764 3434 et
788 3371 922 3434 tantum
943 3366 979 3434 in
995 3366 1128 3459 synodo
1145 3369 1284 3461 provin-

166 3476 260 3557 ciali,
275 3499 352 3567 quae
366 3497 457 3544 anno
473 3478 558 3544 1565
572 3473 749 3544 Cameraci
762 3473 880 3542 habita
895 3479 956 3552 est,
985 3496 1065 3542 vere
1091 3476 1285 3569 archiepis-

166 3607 293 3676 copum
325 3581 584 3651 Maximilianus
611 3604 729 3673 gerere
753 3582 887 3673 potuit:
916 3581 1048 3675 synodo
1078 3605 1150 3651 non
1178 3586 1282 3655 modo

165 3691 336 3786 praesedit,
355 3690 413 3760 sod
433 3689 537 3759 etiam
551 3688 592 3757 ab
609 3688 770 3758 omnibus
784 3713 855 3757 sua
869 3691 1057 3781 provinciae
1076 3693 1282 3782 praesulibus

166 3799 413 3891 impetravitut
423 3796 558 3867 decreta
568 3795 770 3865 Tridentina
781 3797 987 3891 acciperent.
1001 3797 1068 3866 Sed
1076 3800 1280 3894 plerumque

164 3904 415 3997 archiepiscopi
442 3905 541 3996 quasi
579 3913 674 3972 extra
700 3906 758 3996 jus
783 3904 1045 3992 dominiumque
1073 3908 1281 3999 suffraganci

163 4019 261 4085 erant
276 4035 284 4084 ε
302 4013 430 4083 trustra
448 4034 507 4082 eos
520 4010 781 4082 Maximilianus
798 4012 835 4082 in
853 4012 1027 4106 synodum
1042 4036 1166 4085 vocare
1180 4014 1279 4085 ador·

195 4206 221 4259 l.
238 4208 273 4258 La
285 4204 464 4264 Carassura,
476 4203 589 4254 Histoire
601 4202 633 4252 de
650 4202 782 4270 cambray
797 4206 822 4253 et
834 4203 870 4254 du
886 4203 1040 4265 cambresis,
1052 4203 1211 4268 11‚p.431.-
1220 4205 1286 4256 Gol-

165 4287 203 4338 lia
219 4285 384 4346 Christiania,
401 4289 419 4335 t.
433 4285 477 4336 111.
490 4310 522 4323 -
533 4283 668 4346 Mrcuaux,
684 4285 774 4335 Notice
788 4284 935 4351 lictorique
944 4300 992 4334 sur
1002 4285 1039 4335 les
1057 4286 1287 4350 circonscriptions

168 4367 383 4430 ecclesiasticam
394 4367 533 4417 cunenses
545 4367 571 4416 et
585 4366 722 4417 modernas
737 4367 776 4418 du
786 4365 888 4417 diocese
902 4366 935 4416 de
949 4364 1081 4427 Cambrai,
1096 4379 1121 4427 p.
1136 4364 1160 4414 8.
