2988 5078
415 468 559 520 cuonone
581 469 742 518 nerscorus
763 471 913 518 onrncrus
935 474 980 518 s1r
1215 460 1254 518 37

130 609 189 702 jus
204 610 358 700 eligendi
374 612 508 681 salvum
532 614 695 682 existeret
715 637 826 708 neque
852 616 948 684 solus
976 622 1104 698 orator,
1135 617 1195 686 sed
1220 624 1254 686 et

133 715 193 784 alii
210 717 367 810 plerique
388 719 519 810 praelati
540 710 686 789 dicionis
707 722 966 790 Cameracensis
983 724 1047 792 bac
1064 726 1197 793 ratione
1215 725 1251 793 in

133 825 220 894 urbe
236 848 381 894 romana
393 827 633 919 inquietantur
648 833 751 920 atque
770 829 805 896 in
822 830 1018 921 periculum
1032 837 1213 900 vocantur.
1234 859 1252 899 s

134 931 334 1015 Quinetiam
355 958 372 999 α
393 935 461 1001 nisi
490 935 797 1027 opportunioribus
824 937 987 1005 remediis
1012 938 1249 1022 subveniatur,

135 1062 206 1108 non
221 1040 326 1109 modo
350 1042 599 1134 episcopatum,
633 1042 693 1110 sed
720 1049 754 1110 et
781 1067 904 1112 omnes
933 1044 1086 1113 abbatias
1116 1045 1253 1139 aliaque

133 1149 321 1239 pinguiora
341 1148 509 1217 beneficia
531 1146 680 1218 dicionis
697 1151 956 1220 Cameracensis
976 1174 1014 1220 ac
1037 1153 1144 1220 totius
1174 1153 1255 1222 Ger·

133 1256 279 1323 manicae
294 1256 445 1324 nationis
461 1280 542 1323 cum
558 1280 684 1348 magna
699 1258 878 1350 religionis
895 1259 1166 1350 perturbatione,
1189 1262 1254 1328 rei-

134 1361 282 1454 publicae
302 1362 467 1431 scandalo
491 1364 707 1456 irreparabili
732 1371 766 1433 et
785 1366 951 1434 continuo
971 1365 1197 1459 supplicantis
1216 1391 1254 1436 ac

133 1468 356 1538 subditorum
371 1471 448 1562 ejus
461 1469 678 1553 detrimento,
696 1477 866 1564 praetextu
884 1474 1159 1541 reservationum
1170 1473 1253 1543 alio-

132 1599 282 1669 rumque
297 1577 468 1645 similium
489 1577 663 1647 abusuum
689 1578 853 1672 deinceps
880 1582 1027 1648 Romam
1054 1580 1253 1650 devocanda

133 1706 172 1751 ac
186 1684 422 1753 cardinalibus
442 1686 655 1778 reliquisque
674 1688 781 1755 curiae
802 1710 956 1756 romanas
976 1688 1098 1756 aulicis
1114 1712 1254 1758 cessura

131 1789 308 1860 videntur.
327 1817 345 1858 s
364 1793 442 1861 Nou
457 1793 566 1884 igitur
581 1816 644 1885 pro
660 1817 695 1861 se
710 1799 846 1862 tantum
869 1794 1129 1863 Maximilianus
1144 1797 1254 1888 Impe-

131 1904 285 1967 ratorem
314 1899 490 1990 implorat,
516 1899 575 1967 sed
604 1901 708 1968 etiam
735 1924 756 1968 «
774 1925 837 1994 pro
865 1900 1106 1971 communium
1136 1925 1252 1971 rerum

130 2006 336 2100 juriumque
365 2007 507 2099 lmperii
537 2031 631 2092 cura,
661 2030 723 2100 pro
749 2009 835 2098 regii
864 2008 969 2076 officii
996 2009 1188 2101 patrocinio
1213 2033 1251 2077 ac

132 2113 226 2203 quod
241 2112 471 2206 obstringitur
489 2114 733 2183 ecclesiasticis
748 2119 783 2182 et
803 2115 958 2184 ecclesiis
972 2117 1122 2184 maxime
1137 2116 1252 2185 calbe-

132 2220 296 2300 dralibus,
312 2244 375 2313 pro
392 2223 651 2290 conservatione
668 2222 816 2313 publicae
831 2222 924 2314 pacis
943 2227 976 2291 et
990 2223 1250 2315 tranquillitatis

134 2329 225 2419 (quae
239 2328 377 2396 amissis
392 2329 447 2396 vel
462 2329 651 2421 antiquatis
665 2329 882 2397 concordatis
897 2329 987 2397 inter
998 2329 1250 2399 ecclesiasticos

131 2439 166 2503 et
180 2434 354 2503 seculares
368 2436 541 2528 principes
557 2436 725 2504 inoffensa
742 2440 832 2503 stare
845 2459 916 2503 non
927 2437 1065 2528 poterit)
1079 2438 1249 2505 constanti

130 2541 393 2634 providentiaet
409 2543 582 2636 imperiali
604 2543 812 2611 authoritate
836 2542 1000 2611 adversus
1029 2542 1091 2610 bas
1112 2566 1250 2636 oppres-

131 2649 271 2717 sionum
286 2648 457 2742 procellas
481 2656 674 2742 opportune
692 2651 854 2743 dignetur
867 2671 1069 2718 succurrere
1083 2653 1104 2716 ¹.
1124 2675 1142 2716 a

174 2755 263 2824 Cum
281 2757 388 2848 igitur
404 2757 640 2826 Cardinalium
659 2757 811 2851 Collegio
830 2759 1026 2850 Imperator
1045 2757 1195 2848 scripsit,
1216 2757 1246 2825 ei

129 2863 289 2930 satisfuit
302 2863 531 2932 Maximiliani
545 2865 727 2957 epistolam
745 2865 939 2934 exscribere
956 2870 996 2932 ut
1009 2865 1151 2956 Imperii
1167 2864 1247 2954 jura

129 2969 333 3039 vindicaret.
354 2995 372 3037 ‹
390 2971 506 3063 Neque
515 2994 592 3055 nos,
606 2971 751 3052 addidit,
769 2996 832 3041 nec
848 2972 937 3040 sacri
952 2971 1088 3064 imperii
1104 2970 1245 3038 ordines

128 3076 278 3145 tolerare
306 3079 499 3170 poterimus
530 3083 571 3146 ut
605 3079 737 3148 electus
772 3079 844 3159 ille,
878 3084 997 3147 contra
1039 3076 1245 3145 concordata

129 3184 281 3252 nationis
297 3184 508 3254 Germanicae
523 3190 558 3254 et
572 3186 754 3278 privilegia
772 3186 860 3254 sacri
873 3185 1023 3277 imperii,
1033 3185 1207 3252 turbetur.
1227 3208 1244 3250 s

129 3291 168 3358 ln
192 3291 359 3384 periculis
383 3292 487 3361 etiam
505 3299 741 3362 commoratus
759 3299 809 3362 est
834 3315 921 3384 quae,
939 3290 1108 3360 electione
1137 3291 1245 3358 Maxi·

127 3395 263 3466 miliani
279 3421 350 3466 non
370 3400 602 3491 comprobata,
625 3400 803 3468 catholicae
824 3398 978 3468 ecclesia
1000 3398 1238 3481 imminerent,

128 3505 221 3595 quod
233 3505 375 3598 quidem
383 3506 577 3598 plurimum
591 3507 635 3574 ad
648 3508 846 3601 pontificem
861 3504 1117 3597 valerepotuit:
1132 3529 1150 3571 ‹
1165 3506 1243 3573 Non

127 3611 221 3680 enim
241 3614 404 3705 ignorant
431 3615 695 3684 Dominationes
720 3621 844 3683 vestrae
871 3613 1159 3708 reverentissima
1186 3613 1244 3679 vix

127 3742 226 3811 posse
242 3719 382 3812 gravius
395 3724 455 3788 aut
470 3719 621 3790 deterius
642 3720 828 3814 quicquam
847 3720 1067 3812 transalpinis
1088 3718 1244 3787 ecclesiis

130 3828 282 3897 maxime
299 3827 544 3896 remotioribus
561 3830 598 3897 in
613 3834 707 3897 111111
722 3851 838 3897 rerum
851 3834 885 3896 et
899 3834 1096 3919 temporum
1111 3831 1245 3919 pertur-

128 3935 266 4004 batione
280 3935 431 4016 evenire,
447 3958 552 4029 quam
572 3937 602 4003 si
624 3936 755 4005 diutius
779 3935 974 4027 pastoribus
989 3938 1024 4003 et
1051 3933 1245 4001 rectoribus

129 4040 361 4111 destituantur
387 4049 409 4110 ¹.
437 4066 455 4108 s
484 4043 691 4135 Quanquam
717 4043 784 4123 illa,
807 4042 1043 4112 controversia
1070 4039 1245 4108 minusad

151 4282 175 4333 l.
191 4281 338 4335 Libenoec.
354 4279 503 4332 titutum.
514 4280 597 4337 Gom,
607 4277 662 4331 121,
678 4291 703 4340 p.
716 4276 755 4324 115.

149 4380 173 4432 2.
189 4380 268 4433 loia..
282 4395 308 4445 p.
325 4379 381 4433 205.
