2968 5072
357 398 397 442 na
417 397 614 455 uaxrunnuo
636 364 809 446 cosumus
831 399 965 447 scasoaa
1160 382 1219 447 ¹61

106 534 200 621 bant,
216 539 276 631 qui
294 546 460 632 tanquam
476 542 726 613 Granvellanus
746 550 781 613 et
794 540 1067 627 Maximilianus‚
1089 542 1220 634 Regem

105 641 269 732 ignorare
297 647 554 718 arbitrabantur
575 651 748 741 quomodo
762 651 829 719 Bes
858 650 895 718 in
923 649 1044 740 Belgio
1072 671 1153 718 vere
1185 670 1222 717 ss

105 747 260 819 haberet.
278 752 441 848 Philippo
458 755 707 826 Granvellanus
728 757 783 826 die
803 760 846 826 20
873 756 1004 825 mensis
1027 755 1111 824 maii
1136 756 1222 825 1666

106 856 246 949 scripsit
260 882 340 929 enm
356 885 437 931 cum
450 865 602 933 exercitu
616 858 813 955 venientein
828 864 895 933 sibi
912 885 1035 932 omnes
1049 862 1164 931 aditus
1179 863 1220 930 ad

106 963 270 1055 Belgium
279 969 531 1058 praeclusurum
544 996 552 1048 ;
565 971 800 1064 sinepericulo
808 970 1219 1048 eumoomitatuassueto‚

106 1069 212 1162 paulo
224 1079 362 1144 tantum
372 1079 519 1169 majore,
536 1078 698 1149 accedere
717 1100 842 1170 posse;
864 1079 977 1147 bonos
998 1076 1093 1146 enim
1112 1075 1224 1144 multo

107 1176 226 1268 plures
241 1203 314 1249 esse
332 1205 436 1273 quam
447 1185 634 1276 pessimos:
647 1185 808 1278 denique,
826 1182 1222 1275 clementeragendum.

105 1283 159 1351 lta
173 1285 268 1355 enim
281 1289 515 1381 Hispanorum
528 1292 601 1359 vim
617 1298 650 1360 et
662 1292 810 1384 injurias
835 1292 1022 1360 horrebant
1036 1289 1166 1381 Belgae,
1186 1291 1226 1357 ut

106 1390 144 1458 in
161 1415 257 1462 eosa
277 1386 480 1487 proceribus
500 1396 603 1466 facile
627 1398 755 1467 irritari
776 1421 877 1490 posse
898 1397 1120 1465 viderentur:
1143 1415 1225 1463 cum

107 1498 201 1570 lama
219 1500 447 1572 increbuisset
460 1504 593 1574 Alonzo
613 1505 670 1575 del
694 1505 803 1575 Canto
825 1505 1007 1597 pulverem
1030 1503 1225 1601 sullureum

109 1611 143 1674 et
154 1607 286 1677 ferreos
301 1609 427 1699 globos
442 1633 568 1694 emere,
583 1617 748 1704 tanquam
762 1612 906 1704 Hispani
918 1610 993 1703 jam
1015 1609 1175 1680 adessent
1193 1613 1228 1677 et

108 1711 271 1805 Belgium
303 1717 429 1786 infesto
467 1720 622 1788 exercitu
660 1720 809 1810 ingressi
846 1720 983 1801 essent,
1025 1716 1226 1786 Ludovicus

107 1818 298 1892 Nassavius
313 1825 458 1916 ejusque
470 1827 573 1895 amici
585 1825 865 1896 deliberaverunt
885 1849 929 1894 an
951 1825 1107 1918 hispanis
1130 1821 1224 1891 mili·

107 1927 213 2008 tibus,
233 1931 292 2022 qui
309 1932 346 1999 in
357 1932 562 2002 Interiorem
571 1934 793 2002 Germaniam
804 1934 972 2012 venirent,
989 1935 1225 2010 occurrerent,

107 2034 203 2104 salvo
219 2043 336 2106 autem
349 2061 443 2131 rege,
461 2042 516 2110 cui
531 2041 656 2109 reverti
672 2042 708 2109 in
723 2042 928 2132 Hispaniam
943 2037 1085 2108 liceret.

151 2144 231 2212 Non
247 2166 287 2213 aa
305 2145 545 2216 Maximiliano
562 2153 637 2216 erat
654 2148 841 2217 auctoritas
860 2154 901 2216 ut
921 2146 1072 2215 invitum
1094 2146 1226 2236 Regem

106 2251 142 2318 in
171 2251 332 2342 Belgium
363 2260 561 2334 arcesseret,
589 2278 668 2324 cum
683 2254 772 2322 nihil
796 2254 1024 2347 proiecissent
1055 2257 1089 2321 et
1117 2251 1226 2320 Gran·

106 2356 234 2426 veltani
264 2365 298 2427 et
326 2362 517 2453 Margarita
543 2384 670 2453 preces.
696 2360 879 2453 Philippus
898 2383 970 2430 non
993 2360 1036 2428 ab
1057 2358 1227 2450 Hispania

105 2463 266 2533 discessit
280 2489 392 2559 neque
409 2492 566 2561 unquam
588 2469 620 2536 ei
644 2467 819 2537 discedere
841 2468 878 2535 in
903 2468 1021 2535 animo
1044 2465 1121 2535 luit.
1146 2464 1226 2545 Hia-

104 2573 198 2664 pani‚
216 2573 329 2666 inquit
343 2575 596 2656 Polweilerius‚
618 2599 699 2645 eum
722 2575 805 2644 lusti
831 2574 1002 2668 imperare
1024 2572 1101 2642 orbi
1126 2593 1226 2664 posse

104 2679 386 2751 arbitrabantur⁴.
405 2684 479 2752 Rex
494 2688 621 2761 autem,
638 2690 678 2750 ut
693 2681 773 2751 aliis
788 2704 824 2750 se
838 2681 954 2774 ipsum
975 2678 1226 2749 advocantibus

104 2786 205 2881 quasi
220 2788 433 2859 satisfaceret
448 2796 481 2858 et
495 2790 585 2858 alios
599 2790 704 2859 minis
716 2790 923 2866 contineret,
940 2811 1012 2857 non
1027 2787 1134 2856 semel
1149 2785 1226 2854 vul-

103 2895 178 2985 gari
193 2917 229 2963 se
244 2895 281 2962 in
295 2894 457 2987 Belgium
472 2919 554 2966 mox
570 2898 809 2988 proiecturum
825 2919 899 2965 esse
910 2894 1028 2988 jussit.
1046 2892 1148 2976 Quod
1162 2915 1225 2962 no-

103 3002 221 3069 vimus
234 3024 313 3070 eum
328 3003 720 3096 Bgmontiopollicitum
730 3026 821 3080 esse;
837 3026 918 3072 nam
930 3002 986 3071 die
1001 3001 1115 3094 primo
1126 3021 1223 3068 men·

103 3109 152 3176 sis
165 3108 287 3203 aprilis
304 3111 402 3189 1566,
412 3132 551 3180 summo
566 3110 713 3179 concilio
728 3109 969 3179 Mechliniensi
985 3106 1125 3199 scripsit
1137 3128 1173 3174 se
1186 3105 1223 3173 in

102 3216 266 3307 Belgium
280 3216 330 3286 ire
345 3218 531 3298 statuisse',
549 3223 583 3286 et
594 3218 643 3286 ita
656 3217 772 3285 cuncti
788 3216 974 3286 credebant
987 3219 1071 3283 tunc
1086 3211 1222 3303 Philip.

102 3345 189 3415 pum
204 3345 329 3393 navem
345 3347 617 3394 conscensurum
633 3345 719 3406 esse,
736 3329 776 3392 ut
789 3322 992 3403 Montinius‚
1015 3320 1075 3414 qui
1091 3327 1174 3388 tuno
1184 3317 1221 3423 in

103 3430 274 3523 Hispania
288 3440 372 3515 erat,
388 3431 540 3523 Orangio
563 3431 778 3500 nuntiaverit
800 3431 929 3522 Regem
954 3428 1133 3520 sexaginta
1158 3430 1219 3495 aut

103 3539 322 3630 septuaginta
331 3539 702 3631 milliaHispanorum‚
713 3537 884 3607 italorum
895 3542 956 3604 aut
966 3536 1219 3605 Germanorum

102 3652 346 3715 veteranorum
363 3670 482 3716 seeum
497 3644 731 3715 adducturum
744 3652 842 3714 esse⁸.
857 3644 973 3736 Ipsam
997 3639 1219 3734 Margaritam

136 3804 161 3857 l.
174 3804 295 3872 Gcwup.
310 3807 342 3858 de
357 3806 508 3869 (irenaeus,
524 3806 544 3871 1,
559 3819 585 3871 p.
598 3804 653 3858 269.

131 3902 160 3955 2.
175 3903 254 3966 ltin,
271 3904 291 3967 1,
303 3918 329 3970 p.
341 3905 397 3957 326.

136 4000 161 4053 ³.
176 4002 304 4054 Arohlvea
318 4003 421 4055 Notion.
433 4005 465 4057 Κ.
477 4005 548 4056 1506.

132 4097 158 4152 ⁴.
173 4099 267 4152 Gaetu
281 4106 333 4152 vlu
348 4102 530 4154 Paraarraaa.
547 4102 594 4167 Op.
611 4101 667 4161 cit,
679 4100 699 4160 1,
714 4114 740 4164 p.
755 4097 811 4150 283.

131 4196 155 4249 5.
171 4197 292 4264 mesp.
307 4199 339 4250 de
352 4200 475 4265 Philipps
485 4201 521 4262 ll,
536 4204 555 4251 t.
571 4198 603 4261 11,
616 4214 644 4264 p.
666 4197 725 4253 577.

131 4296 156 4346 6.
174 4299 267 4349 Gnom
280 4309 337 4348 mr
351 4301 526 4359 Pammenes,
545 4301 564 4350 t
578 4296 610 4361 ΙΙ,
625 4312 651 4362 p.
663 4295 719 4347 360.
