2968 5072
354 475 393 520 nn
413 475 611 520 naxmnravo
634 474 808 519 cabanaria
829 474 962 520 suasoria
1163 459 1221 517 139

95 639 164 684 nus
192 617 352 686 hortatus
381 624 441 701 est,
475 623 514 686 ut
541 616 684 708 Orongii
712 620 919 709 sanguinem
945 617 1158 699 addiceret¹3
1180 640 1221 686 eo

93 728 217 792 autem
232 730 387 816 tempora
399 725 572 816 Orongius
595 729 627 792 et
643 724 805 818 Philippo
830 730 863 793 et
886 725 1120 794 Granvellano
1138 747 1223 817 pro-

92 830 191 900 ditor
203 832 294 922 regis
309 854 383 899 esse
397 832 593 913 videbatur,
612 834 737 923 quippe
753 833 856 922 cujus
871 833 971 922 regni
990 837 1124 922 partem
1140 855 1223 899 eon·

93 937 275 1006 citavisset
285 944 319 1006 et
332 937 374 1018 ab
388 939 593 1008 auctoritate
611 938 835 1006 distraxisset.
867 939 934 1007 Sed
957 939 1056 1005 annis
1083 941 1168 1007 1566
1188 946 1221 1007 et

94 1046 186 1112 1667
213 1045 298 1135 Regi
325 1045 449 1115 suadet
474 1051 514 1113 ut
540 1046 655 1136 priora
674 1043 911 1123 obliviscatur,
940 1041 1135 1136 Orangium
1152 1046 1218 1114 sibi

93 1149 261 1219 laudibus
291 1152 489 1220 extollendo
526 1152 740 1230 reconciliet,
772 1151 929 1219 Genuam
962 1150 1117 1233 advocet,
1147 1153 1219 1220 suis

91 1257 304 1326 satellitibus
321 1259 496 1350 praeficiat,
515 1281 597 1326 curn
612 1281 653 1327 eo
668 1258 856 1351 perpendat
881 1258 1056 1347 quomodo
1080 1261 1115 1325 in
1136 1259 1220 1326 Bel-

90 1364 152 1455 gio
167 1387 223 1432 res
240 1365 401 1455 componi
412 1366 559 1457 possint,
577 1365 724 1457 denique
740 1365 771 1432 ei
786 1366 949 1432 timorem
965 1365 1090 1455 eripiat
1105 1363 1127 1432 ¹.

137 1470 316 1540 Albanum
337 1472 374 1538 in
397 1472 559 1562 belgium
577 1473 673 1539 mitti
698 1473 852 1560 primum
876 1472 1048 1563 probavit.
1074 1472 1161 1539 Item
1183 1473 1216 1539 in

91 1577 246 1669 epistola
261 1578 347 1668 Regi
363 1578 418 1647 die
436 1579 620 1646 l2mensis
641 1577 839 1646 novembris
866 1581 951 1648 1567
977 1579 1102 1668 scripta
1126 1601 1219 1645 sum-

88 1706 187 1751 mam
211 1685 338 1752 Albani
366 1684 590 1777 prudentiam
619 1690 654 1752 et
684 1685 864 1752 solertiam
893 1684 1023 1752 laudat.
1054 1684 1121 1752 Sed
1148 1707 1219 1753 non

89 1813 229 1883 semper
242 1792 279 1859 in
298 1792 423 1860 litteris
451 1791 494 1859 ad
519 1793 652 1883 Regem
677 1793 816 1880 scriptis
847 1791 1104 1882 deprehendere
1137 1793 1216 1859 licet

87 1898 176 1990 quid
193 1897 446 1968 Granvellauus
460 1921 540 1968 vere
556 1899 713 1967 senserit.
739 1899 953 1989 Reipublicae
968 1898 1110 1989 quidem
1129 1900 1216 1989 peri-

86 2005 242 2083 tunlnit,
260 2004 441 2072 sedetiam
463 2007 590 2096 saepius
613 2006 718 2095 Regis
740 2005 911 2073 adulator.
941 2006 1028 2072 Cum
1052 2005 1215 2096 Philippo

87 2134 161 2180 non
176 2113 417 2192 assentiretur,
436 2112 557 2181 timide
572 2117 689 2180 tamen
706 2114 736 2179 ei
750 2111 1010 2194 adversabatur,
1039 2134 1082 2179 ne
1109 2113 1216 2178 offen-

90 2217 202 2287 deret.
219 2219 338 2310 ltaque
353 2241 372 2287 e
386 2218 609 2287 Granvellani
633 2219 757 2286 litteris
779 2220 896 2286 verius
919 2219 1003 2309 quid
1030 2216 1213 2308 Philippus

91 2325 240 2394 sentiret
266 2347 372 2416 quam
394 2326 480 2417 quid
502 2324 754 2393 Granvellanus
783 2325 964 2416 dijudicari
990 2329 1127 2415 potest:
1150 2346 1214 2392 nec

91 2433 225 2500 mirum
241 2439 292 2500 est
315 2431 504 2523 aliquando
533 2431 804 2500 Granvellanum
832 2456 851 2499 a
877 2454 912 2498 se
941 2432 1014 2521 ipso
1044 2430 1210 2499 dissidere

90 2538 217 2608 videri.
235 2538 455 2630 Itaprimum
473 2562 563 2606 anno
589 2540 674 2608 1567
698 2540 829 2628 Regem
856 2538 1015 2605 hortatur
1040 2542 1080 2605 ut
1108 2538 1210 2606 solita

90 2650 232 2713 tantum
247 2646 405 2715 custodia
420 2647 603 2714 comitatus
618 2647 654 2713 in
668 2645 829 2735 Belgium
850 2651 922 2723 eat3
949 2644 1072 2713 deinde
1097 2646 1210 2714 eidem

88 2753 281 2820 assentitur
294 2752 420 2820 multas
436 2774 476 2819 eo
492 2754 609 2842 copias
624 2753 763 2820 mittere
777 2751 909 2819 volenti
925 2757 959 2819 et
975 2753 1126 2842 priorem
1136 2776 1212 2820 sen-

88 2860 240 2927 tentiam
252 2857 417 2942 defendit,
436 2858 528 2950 quod
550 2864 651 2927 antea
676 2860 814 2926 timeret
843 2881 886 2926 ne
913 2859 987 2926 Rex
1016 2864 1066 2926 tot
1094 2861 1213 2951 copias

90 2966 187 3035 alere
202 2973 422 3058 nonposset;
451 2971 485 3033 et
512 2965 717 3057 Philippum
745 2964 840 3032 addit
867 2987 973 3032 manu
989 2965 1133 3032 militari
1158 2988 1212 3032 res

89 3095 172 3141 suas
197 3070 336 3140 lacilius
359 3073 639 3140 restituturum
665 3074 826 3139 Attamen
846 3073 984 3140 etiarnsi
1007 3071 1111 3162 Regis
1136 3094 1213 3139 scn-

89 3181 210 3248 tentiar
238 3178 402 3248 obsistere
430 3202 503 3247 non
530 3178 647 3255 audet,
678 3200 741 3270 pro
777 3177 957 3245 nonnullis
987 3177 1211 3268 deprecatur:

91 3309 176 3355 cum
204 3284 359 3355 Albanus
387 3284 581 3367 Bruxellas,
612 3285 748 3354 cunctis
763 3284 968 3376 paventibus
996 3289 1031 3351 et
1058 3285 1212 3370 afflictis,

90 3394 271 3484 ingressus
286 3397 348 3474 est,
374 3390 626 3485 rempublicam
655 3391 691 3458 in
719 3389 948 3482 tranquillum
976 3389 1086 3480 redigi
1112 3414 1213 3483 posse

91 3499 279 3568 cardinalis
292 3521 412 3566 rursus
437 3499 569 3575 scribit,
596 3499 624 3565 si
647 3498 721 3565 Rex
743 3499 779 3565 in
794 3498 1062 3566 nocentissimos
1080 3499 1211 3579 saeviat,

91 3607 171 3675 aliis
190 3628 273 3674 vero
289 3603 481 3697 ignoscat⁴.
625 3608 627 3613 '

133 3713 204 3782 Sed
219 3714 333 3804 potius
349 3712 385 3779 in
403 3712 515 3803 Belgii
543 3713 703 3780 instituta
729 3718 763 3779 et
788 3711 869 3802 jura
891 3734 995 3802 quam
1025 3712 1062 3778 in
1091 3712 1213 3803 Belgas

91 3822 188 3914 ipsos
204 3817 439 3888 invadendum
455 3828 490 3888 et
504 3841 565 3912 per
579 3841 698 3888 severa
720 3819 831 3888 edicta
844 3819 965 3887 baeresi
982 3818 1213 3912 seditionique

89 3928 209 4021 potius
224 3926 481 3995 occurrendum
494 3949 600 4016 quam
625 3927 662 3993 in
676 3926 857 3994 hereticos
878 3931 912 3993 et
939 3926 1122 3994 seditiosos
1143 3928 1214 3995 ani-

122 4089 146 4139 t.
162 4087 282 4152 Canop.
295 4086 328 4137 de
338 4085 461 4150 Philippo
471 4085 505 4148 11,
522 4090 541 4137 t.
552 4087 574 4149 l,
589 4101 614 4150 p.
632 4084 926 4139 ctxxxl-onxxxu.

123 4186 147 4237 2.
162 4185 239 4247 itta,
257 4184 323 4245 tlt,
338 4199 364 4247 p.
377 4183 496 4238 bvbvl.

126 4285 150 4335 3.
166 4282 246 4343 ibid,
261 4287 281 4334 1.
297 4283 317 4343 l,
330 4297 356 4345 p.
368 4281 416 4333 618
430 4284 456 4333 et
472 4281 529 4334 560.

125 4389 150 4434 4.
165 4382 245 4443 ltid„
258 4386 275 4432 1.
292 4378 312 4442 1,
326 4394 353 4444 p.
367 4380 415 4432 615
429 4381 480 4445 (die
495 4380 524 4430 ll
540 4394 625 4434 mens.
639 4379 697 4433 Oct.
712 4378 794 4444 1561).
