2958 5076
224 480 264 539 84
544 496 688 549 ououono
711 494 826 539 unarsr
848 493 1020 538 oasrrrnur

270 636 372 705 lllam
387 642 501 707 autam
517 640 674 719 tutelam,
692 646 731 707 ut
747 634 842 728 prius
858 637 899 705 ab
912 637 1097 721 hareticis,
1120 637 1168 703 ita
1189 660 1285 704 nunc
1302 636 1340 704 ab

225 745 310 837 ipsis
322 744 449 813 Albani
466 745 564 814 ducis
578 747 762 830 militibuS,
779 747 1092 838 efflagitarenonne
1108 744 1342 812 Maximiliano

223 851 315 943 juste
331 851 478 921 licebat?
494 855 621 945 quippe
635 856 694 944 qui
709 853 833 921 abhinc
847 855 963 944 plures
976 874 1085 919 annos
1100 850 1214 942 Belgii
1231 851 1344 919 delen·

227 983 340 1027 sorem
356 960 392 1027 in
407 983 489 1052 agro
504 961 740 1028 Cameracensi
755 983 857 1052 agere
872 983 942 1027 non
960 957 1129 1041 desiisset,
1150 959 1222 1026 sirc
1238 959 1346 1025 Alba-

225 1090 311 1134 num
328 1066 369 1135 de
388 1068 569 1136 Gallorum
582 1068 764 1136 itineribus
785 1068 966 1135 certiorem
983 1064 1154 1147 faciendo,
1180 1067 1255 1132 sive
1271 1086 1345 1132 cum

226 1173 401 1241 haereticis
421 1175 494 1265 ipse
510 1173 728 1266 confligendo
745 1180 766 1242 ¹.

270 1281 363 1349 Dum
385 1280 539 1348 rnilitum
564 1281 836 1373 depraedationes
861 1281 986 1371 arguit,
1004 1279 1093 1347 Duci
1117 1278 1224 1347 simul
1251 1302 1346 1346 com-

227 1388 442 1456 memorabat
465 1389 536 1479 ipse
559 1394 689 1481 quanto
720 1389 957 1479 Hispanorum
981 1387 1073 1476 regis
1102 1410 1215 1454 causae
1244 1385 1346 1476 adju-

225 1502 341 1564 mento
367 1495 509 1563 fuisset:
540 1536 585 1546 —
609 1497 658 1564 Ne
682 1496 746 1564 tibi
771 1494 890 1562 nimiis
921 1493 1219 1562 admonitionibus
1249 1517 1345 1563 aures

226 1601 430 1684 obtundam,
447 1602 573 1681 aiebat,
592 1603 658 1671 hoc
674 1625 784 1671 unuin
800 1608 833 1669 te
847 1603 974 1670 iterum
993 1624 1113 1693 rogare
1128 1601 1249 1681 velim,
1263 1624 1347 1669 con-

226 1709 379 1778 siderare
394 1708 503 1777 libeat
518 1715 602 1799 quot
617 1717 649 1778 et
664 1709 801 1800 quantis
813 1709 850 1777 in
863 1708 1053 1792 laboribus
1067 1710 1246 1801 impensis
1260 1710 1347 1803 peri-

226 1816 326 1898 culis,
345 1816 471 1883 abhinc
487 1839 597 1885 annos
619 1816 860 1885 tantummodo
877 1823 945 1885 tres
970 1817 1096 1884 versati
1119 1818 1293 1885 fuerimus
1316 1822 1347 1884 ct

226 1947 289 2016 ego
306 1931 340 1991 et
354 1924 472 1992 miseri
486 1925 555 1990 mei
571 1923 767 2015 populares,
786 1929 825 1990 ut
839 1946 986 2015 parvum
1006 1923 1100 1991 hunc
1120 1947 1247 2016 agrum
1263 1924 1347 1993 obti-

227 2054 402 2114 neremus,
430 2030 724 2122 Cameracurnque
756 2036 789 2098 et
813 2030 1003 2100 Castellum
1031 2031 1278 2101 Cameracense
1307 2030 1345 2098 ab

227 2139 381 2207 hostiurn
409 2138 544 2206 insidiis
583 2137 933 2231 aggressionibusque
973 2145 1167 2215 tueremur;
1208 2137 1345 2230 qualem

228 2271 364 2340 quoque
380 2270 521 2340 operam
537 2245 773 2336 Hispanorum
798 2247 870 2337 regi
895 2269 1020 2314 navare
1040 2270 1111 2313 non
1127 2247 1343 2328 desierimus,

231 2377 311 2422 curn
326 2356 361 2421 in
377 2353 543 2421 anteactis
559 2352 720 2420 omnibus
735 2352 851 2432 bellis,
869 2358 944 2419 turn
960 2352 1065 2420 etiam
1080 2353 1116 2419 in
1130 2354 1198 2422 hoo
1215 2354 1348 2445 gravis-

229 2462 317 2528 simo
333 2461 487 2528 tumultu
513 2460 549 2526 in
574 2458 799 2527 Camaracum
824 2459 945 2527 orbern
973 2466 1006 2527 et
1031 2462 1245 2549 nuperrime,
1272 2467 1347 2528 ante

229 2568 293 2636 hos
328 2571 405 2635 octo
442 2568 526 2648 dies,
558 2567 594 2633 in
633 2564 823 2634 Castellum
857 2568 1103 2635 Cameracense
1141 2569 1344 2660 ingruente:

230 2672 329 2763 cujus
344 2674 485 2765 quidem
501 2674 606 2757 cirea,
623 2673 731 2741 donec
747 2672 963 2741 advenerunt
982 2675 1114 2742 auxilia
1138 2700 1158 2742 a
1180 2682 1213 2743 te
1229 2678 1346 2754 missa,

228 2782 385 2849 hostium
414 2782 582 2871 impeturn
613 2780 801 2847 fortissime
835 2780 1056 2872 repulerunt;
1094 2783 1226 2850 accedit
1260 2784 1350 2873 quod

230 2888 447 2956 miserrimus
462 2887 554 2956 idem
571 2909 664 2977 ager,
682 2886 759 2978 plus
775 2910 879 2977 quarn
895 2888 1000 2956 ceteri
1018 2912 1140 2956 omnes
1156 2891 1350 2979 exagitatus

231 3001 281 3063 est
299 2995 400 3062 iuriis
425 3000 458 3063 ct
481 2993 657 3086 procellis,
690 2993 863 3083 praeterito
888 2995 1098 3063 tumultuet
1122 2996 1350 3086 praesentibus

232 3101 347 3185 bellis,
365 3124 444 3170 curn
460 3126 479 3169 a
495 3100 614 3184 Gallis,
631 3107 705 3167 turn
722 3125 743 3166 a
757 3101 974 3169 citerioribus
990 3102 1146 3170 hostibus
1160 3105 1182 3172 ¹.

276 3209 378 3292 Quali
395 3209 497 3276 modo
513 3213 632 3299 ageret
646 3206 905 3275 Maximilianus
929 3232 1009 3276 cum
1035 3208 1144 3277 Gallis
1169 3216 1213 3290 et,
1242 3233 1351 3303 prop-

231 3323 283 3384 ter
298 3316 427 3398 Gallos,
445 3340 525 3384 curn
541 3315 777 3406 Hispanorum
794 3337 886 3405 rege,
906 3314 1136 3383 consideranti
1146 3317 1229 3383 satis
1242 3316 1352 3409 liquet

231 3422 334 3491 illum
349 3446 429 3491 curn
446 3423 525 3490 aula
548 3420 766 3489 Bruxellensi
792 3423 945 3514 episcopi
971 3445 1042 3490 non
1064 3424 1169 3490 unius
1192 3446 1210 3491 e
1232 3424 1351 3492 multis

232 3537 345 3622 partes
361 3529 572 3597 obtinuisse:
591 3528 699 3594 irnnro
722 3534 841 3595 contra
860 3529 967 3597 luisse
989 3531 1087 3620 quasi
1114 3553 1194 3598 vere
1217 3532 1352 3622 princi-

234 3660 325 3728 pem,
343 3637 402 3728 qui
424 3660 486 3703 sua
508 3634 719 3716 defenderet,
748 3636 928 3728 sociosque
950 3638 1062 3728 primo
1087 3638 1239 3705 naturali
1262 3663 1353 3730 quo-

234 3745 314 3813 dam
328 3742 456 3811 foedere
472 3743 662 3820 devinctos,
681 3740 761 3809 dein
779 3749 953 3834 patronos,
973 3767 1016 3812 ne
1041 3744 1154 3812 dicam
1178 3744 1349 3825 dominos,

233 3856 405 3919 exstructa
420 3849 654 3917 Cameracensi
673 3873 764 3933 arce,
790 3851 911 3926 factos,
930 3850 971 3918 de
988 3853 1167 3919 communi
1192 3876 1352 3921 comnio-

232 3960 408 4029 nelaceret
423 3956 590 4047 periculo
608 3956 781 4024 Eumdem
797 3980 877 4024 curn
902 3980 993 4025 anno
1010 3962 1095 4029 1569
1121 3960 1256 4028 Albano
1272 3960 1350 4028 duci

232 4065 443 4136 assidentem
458 4064 583 4131 iterum
602 4064 828 4154 reperiamus,
846 4066 909 4133 etsi
926 4089 997 4133 non
1020 4066 1094 4156 ipse
1110 4067 1214 4134 verba
1237 4068 1347 4149 faciet,

264 4298 288 4349 t.
308 4295 417 4360 Paptere
430 4295 524 4345 aetat
532 4297 559 4345 et
572 4295 604 4344 de
618 4294 776 4357 t'Audicnce,
792 4298 848 4358 238,
861 4313 886 4362 p.
901 4299 942 4349 62.

264 4398 289 4449 2.
303 4394 381 4456 leid,
395 4409 421 4458 p·
435 4394 477 4445 60.
