2958 5076
122 1427 291 1490 pttruutru
323 1425 581 1480 uitxruttttutfs
610 1425 813 1478 stastatuta!
836 1423 980 1477 undana*
1001 1425 1159 1481 FUNCTUS
1186 1427 1238 1481 Str

167 1764 217 1829 lta
251 1761 392 1853 quidem
430 1760 744 1849 archiepiscopatus
783 1762 988 1829 muneribus
1017 1763 1157 1830 iunctus
1191 1771 1239 1830 est

123 1868 439 1938 htaximilianusut
450 1872 568 1958 postea
586 1889 656 1932 non
672 1866 747 1933 sine
763 1869 967 1935 auctoritate
982 1869 1025 1936 ad
1038 1870 1239 1959 ignoscendi

123 1979 337 2043 voluntatem
350 1974 525 2041 Athanuur
536 1974 734 2041 hortaretur
744 1980 776 2040 et
791 1972 974 2043 <elementia
989 1976 1125 2044 facilius
1138 2000 1239 2066 quani

121 2085 295 2150 arurisres
318 2079 575 2172 componendas
597 2103 669 2146 esso
697 2081 909 2171 predicaret.
940 2083 1078 2173 Duplici
1108 2085 1239 2151 ratione

123 2190 293 2258 hereticis
308 2190 536 2257 obnitendum
550 2211 623 2254 esse
641 2188 845 2255 ridebatur:
863 2194 922 2256 aut
939 2189 1094 2256 ecclesiia
1110 2214 1242 2283 praepo·

123 2296 246 2365 uendis
259 2296 493 2364 sacerdotibus·
511 2295 665 2361 horreatis
681 2302 712 2361 et
730 2296 853 2373 dortiS,
870 2296 929 2388 qui
944 2295 1103 2387 exemplo
1119 2304 1152 2364 ct
1168 2323 1241 2365 rcr-

123 2404 176 2471 bis
189 2402 380 2471 catholicos
392 2403 426 2469 in
444 2404 599 2469 Romana
607 2401 672 2468 fide
686 2403 917 2483 continerent,
931 2408 991 2471 aut
1005 2404 1043 2471 in
1058 2404 1240 2474 hereticos

122 2512 314 2579 obstinatos
330 2509 518 2577 sariendo.
542 2510 737 2601 Utrumque
758 2509 828 2598 egit
850 2508 1122 2580 htaximilianus.
1153 2513 1242 2605 Opo-

121 2642 195 2685 ram
210 2618 305 2685 enini
318 2616 411 2684 dedit
426 2617 707 2707 archiepiscopus
726 2622 765 2683 ut
780 2624 814 2683 et
829 2616 1088 2686 Cameracensis
1103 2621 1241 2710 proriu-

121 2726 182 2793 cier
201 2723 394 2792 sacerdotes
412 2724 467 2790 sui
480 2722 587 2790 officii
603 2729 718 2790 essent
732 2723 989 2814 diligentissimi
1002 2731 1035 2792 et
1052 2727 1241 2817 ipsehaere-

123 2833 226 2907 tironi
242 2832 405 2898 zizaniam
422 2853 558 2921 semper
582 2829 776 2898 secundum
803 2829 960 2899 ecclesiae
976 2838 1010 2899 et
1028 2856 1132 2900 sacrae
1151 2834 1240 2901 sedis

123 2938 319 3031 prascripta
335 2938 510 3009 evelleret.
528 2937 620 3027 quod
634 2960 675 3003 ex
696 2936 836 3027 synodis
852 2960 937 3027 quas
950 2939 1072 3007 hahuit
1086 2947 1237 3032 apparet.

345 3397 375 3458 t.
401 3391 617 3460 Connrsannrs
640 3412 840 3460 cannrconuu
862 3412 1011 3461 nonrnns.

163 3680 447 3751 Necsacerdotes
470 3679 636 3749 honestos
658 3702 695 3747 nc
719 3679 840 3749 doctos
869 3680 1048 3749 instituere
1069 3680 1236 3773 exiguum

118 3813 205 3883 opus
218 3788 301 3857 fuit.
321 3788 408 3857 Cum
428 3810 487 3856 eos
499 3788 721 3868 visitarisset,
739 3787 932 3878 Margaritae
947 3795 981 3856 et
994 3789 1079 3879 Regi
1097 3791 1236 3883 scripsit

118 3922 153 3965 se
167 3905 239 3964 tam
262 3919 385 3987 pravos
406 3895 599 3963 sacerdotes
613 3894 783 3962 invenisse
802 3900 842 3962 ut
863 3894 963 3963 valde
984 3898 1231 3988 perhorruerit,

118 4028 179 4073 nec
194 4002 281 4071 alios
297 4003 425 4071 habere
440 4003 550 4093 magis
566 4001 713 4070 idoneos
737 4025 824 4092 quos
841 4002 890 4069 eis
912 4003 1149 4082 substitueret,
1171 4029 1235 4074 nec

117 4111 212 4179 atiud
225 4109 421 4178 remedium
435 4110 604 4200 reperisse
620 4131 724 4199 quam
739 4115 778 4176 ut
798 4132 856 4177 eos
879 4109 1018 4199 juberet
1035 4110 1234 4202 diligentius

117 4220 272 4293 studere;
287 4222 365 4308 post
381 4221 451 4284 tres
465 4222 525 4284 ant
539 4221 688 4306 quatuor
697 4239 833 4286 menses
851 4237 910 4284 eos
929 4216 1056 4285 iterum
1079 4218 1235 4286 visitatu-

117 4346 282 4393 ramesse
299 4329 332 4390 et
349 4329 433 4390 tunc
454 4322 490 4390 in
505 4346 564 4391 eos
584 4345 619 4391 se
644 4332 826 4414 gesturum
851 4330 954 4417 prout
983 4323 1096 4391 officio
1125 4326 1232 4392 trrncti
