2988 5078
261 454 301 513 ll
605 475 645 520 un
665 473 866 520 mxmmnno
887 442 1034 521 lannois

261 614 446 708 Philippus
464 617 736 687 examinandum
765 635 838 688 essa
868 641 945 710 quaa
974 617 1216 688 Maximiliano
1242 639 1381 685 monas·

259 723 346 790 teria
361 730 475 792 essent
490 724 671 794 tribuenda
686 735 769 794 tunc
790 725 968 817 respondit
983 735 1003 793 ¹.
1032 726 1282 795 Monasterium
1300 724 1380 794 Val-

260 829 408 898 cellense
420 832 571 922 primum
597 833 628 901 ei
649 855 854 901 concessum
882 838 948 916 est3
975 832 1235 924 archiepiscopo
1262 838 1377 901 autem

260 921 332 1004 non
346 940 427 1005 satis
440 943 526 1023 erat,
544 961 683 1007 cumen
701 939 795 1007 illius
810 939 980 1008 fructibus
998 941 1186 1008 sustentari
1206 962 1279 1008 non
1302 961 1379 1032 pos·

261 1049 312 1111 set
327 1067 365 1112 ac
380 1051 539 1137 sumptus
552 1047 664 1115 lacere
680 1069 765 1137 quos
782 1070 872 1116 nova
887 1047 1036 1138 dignitas
1049 1053 1245 1138 requireret
1257 1055 1281 1114 ¹.
1301 1048 1378 1114 Ete-

260 1151 334 1219 nim
347 1175 418 1220 uon
434 1159 512 1221 anta
524 1154 704 1245 praesentis
719 1153 851 1223 abbatis
865 1154 1001 1223 obitum
1024 1153 1066 1222 ad
1093 1153 1377 1223 Cameracensem

260 1258 445 1328 ecclesiam
460 1260 598 1329 abbatia
612 1259 755 1351 adjungi
771 1266 906 1352 poterat
919 1268 964 1344 et,
981 1283 1062 1329 cum
1079 1283 1169 1354 saepe
1185 1262 1276 1329 intra
1293 1284 1377 1353 pau-

259 1388 318 1434 cos
345 1390 454 1436 annos
482 1367 620 1436 abbatia
649 1368 850 1452 vacavisset,
887 1391 934 1436 aes
967 1366 1121 1437 alienum
1157 1368 1312 1437 habebat
1334 1367 1375 1436 ob

260 1495 376 1542 annua
389 1497 479 1564 quae,
496 1475 780 1566 quotiescumque
795 1475 932 1543 abbatia
946 1480 1137 1558 vacaverat,
1161 1475 1284 1542 multis
1300 1475 1376 1542 data

259 1581 396 1648 fuerant
410 1579 431 1649 ⁸.
459 1582 581 1673 ltaque
614 1581 681 1649 alia
716 1582 878 1673 deinceps
912 1581 1123 1650 monasteria
1154 1591 1214 1650 aut
1241 1588 1376 1650 tantum

260 1709 388 1767 annua,
407 1710 483 1778 quaa
505 1687 630 1757 abillis
659 1690 879 1757 monasteriis
909 1689 1137 1771 solverentur,
1170 1688 1372 1770 vindicavit,

259 1794 350 1862 sicut
364 1794 538 1863 abbatiam
550 1796 877 1877 Camberoneusem,
898 1795 1083 1888 adjuvante
1103 1797 1287 1887 Margarita
1300 1819 1376 1886 quae

259 1901 354 1969 illius
369 1902 573 1994 petitionem
589 1903 738 1994 benigne
753 1902 916 1995 Philippo
930 1902 1015 1994 Regi
1033 1902 1173 1971 tradidit
1187 1909 1209 1985 ⁴,
1225 1909 1259 1970 et
1274 1902 1376 1982 abba·
1474 1996 1475 2009 ἵ

259 2010 344 2076 tiam
360 2009 656 2078 Marchianensem
674 2011 839 2101 (letata
862 2033 930 2101 qua
955 2032 995 2077 eo
1017 2010 1153 2078 facilius
1176 2033 1295 2078 annua
1318 2009 1375 2077 ille
1474 2056 1475 2083 l

259 2117 423 2207 speravit,
441 2112 535 2207 quod
560 2118 632 2208 ipse
651 2124 818 2207 tanquam
846 2116 1004 2186 abbatem
1032 2116 1209 2196 Warlusii‚
1242 2117 1279 2183 in
1307 2140 1377 2184 cas·

259 2221 342 2290 tello
359 2223 598 2292 Cameracensi
622 2223 737 2315 legati,
769 2226 909 2293 fratrem
937 2223 1240 2292 commendaverat
1254 2227 1279 2291 Ι.
1312 2225 1376 2292 Sed

260 2327 344 2396 dum
375 2330 435 2398 illa
467 2353 582 2399 annua
616 2331 849 2423 exspectabat,
887 2354 963 2422 quae
997 2354 1179 2421 nunquam
1213 2331 1373 2410 obtinuit,

259 2436 517 2506 Maximilianns
534 2462 553 2504 c
568 2437 768 2506 unionem»
790 2437 938 2507 abbatiae
964 2437 1191 2507 Valcellensis
1215 2439 1372 2530 persequi

259 2564 330 2610 non
343 2543 485 2613 destitit.

304 2650 449 2718 Summo
465 2651 606 2741 quidem
632 2652 791 2721 Pontifici
819 2675 873 2721 res
900 2650 1128 2720 Maximiliani
1154 2653 1376 2721 commenda·

257 2758 388 2825 bantet
404 2759 476 2826 Rex
502 2758 699 2851 Philippus,
728 2761 787 2850 qui
819 2759 957 2851 scripsit
985 2759 1209 2827 commodum
1242 2761 1319 2828 lore
1347 2762 1375 2826 si

256 2862 393 2932 abbatia
408 2864 635 2933 Valcellensis
657 2866 700 2933 ad
714 2867 897 2935 ecclesiam
921 2867 1203 2934 Cameracensem
1228 2867 1374 2958 adjungi

258 2979 374 3062 posset
386 2981 408 3054 ⁰,
426 2977 459 3040 et
472 2973 666 3063 Margarita,
688 2997 766 3064 quas
791 2974 960 3041 unionem
988 2996 1050 3065 pro
1079 2973 1212 3041 cunctis
1241 2974 1376 3041 damnis

257 3079 288 3146 ei
304 3079 556 3148 satisfacturam
573 3102 646 3148 esse
663 3080 799 3149 dicebat
815 3088 839 3161 ⁷,
866 3086 900 3148 et
921 3079 1186 3158 Granvellanus,
1204 3082 1264 3171 qui
1293 3085 1376 3149 tunc

259 3189 380 3255 Romae
396 3186 574 3278 ipseerat:
601 3189 657 3256 cui
682 3187 940 3255 Maximilianns
963 3187 1144 3278 negotium
1170 3186 1314 3255 dederat
1339 3194 1375 3254 ut
1475 3222 1476 3225 ¹

258 3293 464 3362 Pontificem
501 3292 703 3362 admoneret
732 3316 837 3384 quam
869 3315 969 3383 parce
1005 3295 1148 3378 viveret,
1186 3296 1375 3385 praesertim

259 3424 339 3469 cum
368 3401 556 3469 Castellum
585 3400 843 3481 Cameracense‚
870 3399 962 3469 unde
993 3401 1187 3468 maximum
1203 3408 1375 3491 quaestum

259 3508 399 3585 iaceret,
416 3507 652 3577 rebellavissel
668 3517 690 3575 Ι.
720 3507 973 3577 Granvellanus
998 3512 1112 3574 autem
1136 3529 1198 3599 pro
1222 3508 1378 3577 Maximi-

290 3685 313 3736 1.
330 3685 403 3736 Corr.
415 3687 447 3736 dc
460 3685 583 3751 Philippa
596 3688 632 3748 ll,
646 3691 665 3736 t.
681 3687 730 3749 lp.
750 3686 803 3736 190.

289 3787 313 3836 2.
331 3785 405 3836 Cora.
420 3785 453 3834 de
466 3785 627 3849 Marqucrite
641 3784 805 3843 d'Autricbe,
821 3784 853 3844 ll,
864 3799 889 3847 p.
904 3784 986 3834 4849.

290 3884 314 3934 s.
330 3882 409 3943 rara,
424 3898 450 3946 p.
460 3860 499 3931 lo.

291 3987 318 4034 4.
336 3983 404 4044 ldid,
417 3983 449 4045 ll,
463 3998 489 4046 p.
503 3983 543 4032 27.

289 4085 314 4134 5.
324 4082 403 4142 loia,
418 4082 461 4142 ΙΙΙ,
477 4096 503 4144 p.
518 4080 585 4131 eccl

291 4182 316 4231 6,
330 4181 408 4240 leid„
420 4179 452 4241 ΙΙ,
466 4193 493 4242 p.
507 4178 562 4229 235.

293 4280 317 4329 Ἰ.
329 4278 403 4340 loia,
418 4277 450 4339 ΙΙ,
465 4291 490 4339 p.
505 4276 559 4328 161.

294 4378 317 4428 8.
333 4376 408 4429 coir.
426 4376 461 4425 du
473 4375 547 4425 cord.
563 4376 595 4424 de
609 4372 755 4434 Grcnoclte,
770 4373 802 4433 ll,
818 4388 843 4437 p.
856 4375 880 4423 4.
