2968 5072
359 452 397 496 nr
417 449 615 496 ulxrmnuuo
636 439 813 497 censorin
835 451 970 497 sausoure
1166 434 1224 497 tta

101 600 137 664 et
160 594 325 686 religioni
352 594 561 665 detrimento
594 596 668 665 lore
697 617 904 687 responsum
932 595 1067 673 fuisset,
1094 597 1222 667 iterum

100 703 374 796 interrogavisse
404 704 633 795 Egmontium
661 702 828 794 numquis
845 701 931 770 adeo
949 703 1102 770 enormis
1132 712 1166 771 et
1180 703 1222 771 ab

102 815 225 879 sancta
248 809 419 900 religione
447 819 566 879 nostra
595 809 787 879 abhorrens
813 810 940 878 inesset
965 808 1146 879 articulus.
1177 812 1224 878 At
1301 796 1304 801 ¹

100 939 186 985 cum
201 940 314 985 unum
329 924 364 986 et
378 917 527 986 alterum
541 917 733 985 rettulisset
745 916 818 998 ille,
836 917 1089 1008 supervenisset
1108 922 1224 986 autem

100 1026 281 1116 quispiam
297 1047 563 1117 sermonemque
580 1025 832 1115 interrupisset,
849 1024 1025 1092 curavisse
1038 1024 1222 1107 Comitem,

101 1133 215 1224 prima
242 1134 422 1201 occasione
447 1132 537 1215 dats,
563 1132 861 1223 archiepiscopum
888 1132 1015 1199 iterum
1044 1137 1083 1199 ut
1111 1131 1223 1200 adiret

100 1238 375 1331 admoneretque
388 1245 423 1307 et
436 1237 640 1330 quantulam
653 1239 689 1306 in
708 1238 868 1329 Belgium
891 1259 1012 1306 curam
1038 1239 1111 1306 Rex
1138 1261 1220 1306 con-

103 1346 212 1414 ferret
226 1353 262 1415 et
278 1345 371 1438 quali
392 1345 498 1414 modo
522 1345 774 1414 Granvellanus
798 1367 872 1413 rem
895 1344 1071 1437 publicam
1096 1346 1219 1436 gessis-

102 1459 177 1536 set;
193 1452 338 1544 proinde
353 1475 465 1545 operae
483 1454 635 1544 pretium
651 1475 725 1521 esse
740 1451 915 1543 optimum
924 1474 1099 1543 quemque
1111 1475 1221 1520 reme-

101 1558 160 1629 dio
190 1558 388 1628 adhibendo
415 1582 559 1629 manum
574 1559 780 1640 admovere3
803 1581 952 1652 eumque
978 1560 1087 1628 etiam·
1116 1564 1219 1652 atque

100 1667 208 1734 etiam
221 1668 352 1735 ursisse
366 1672 406 1734 ut
419 1664 462 1733 ad
476 1666 511 1734 id
535 1689 655 1735 aurem
681 1667 908 1758 animumque
927 1664 1130 1750 adverteret,
1158 1667 1217 1758 qui

100 1779 208 1841 tantm
237 1779 326 1843 esset
348 1773 578 1842 auctoritatis,
595 1774 681 1842 Cum
699 1779 816 1842 autem
825 1773 1059 1866 respondisset
1079 1773 1139 1842 ille
1165 1796 1212 1851 se,

100 1881 129 1948 si
153 1880 221 1949 sibi
263 1881 517 1973 significaretur
547 1886 717 1973 quatenus
740 1886 863 1974 <posset
891 1882 964 1972 ipse
992 1880 1213 1972 reipublicae

97 1989 273 2080 prodesse,
306 1993 418 2057 totam
442 1989 479 2056 in
496 1989 533 2056 id
547 2011 700 2082 operam,
719 1986 815 2056 salvo
843 1993 963 2056 tamen
991 1988 1107 2055 officio
1135 2010 1211 2072 suo,

95 2097 340 2189 impensurum
352 2098 439 2179 fore,
454 2096 608 2165 noluisse
622 2117 777 2187 unquam
787 2096 1013 2187 Egmnntium
1024 2095 1212 2186 quicquam

96 2209 158 2273 aut
172 2202 377 2273 denuntiare
391 2209 451 2272 aut
466 2226 668 2295 expromere
683 2203 897 2294 singulatim.

141 2312 216 2380 Hoc
246 2317 363 2380 autem
392 2311 632 2380 Maximiliano
664 2310 780 2380 decori
813 2316 887 2380 est:
925 2315 965 2379 ut
1000 2309 1212 2379 catholicum

95 2418 310 2488 sacerdotem
329 2418 438 2503 decet,
462 2426 495 2487 et
514 2419 679 2486 haeretico
699 2416 900 2486 adversatus
927 2422 961 2485 et
984 2438 1110 2508 magna
1130 2439 1211 2486 cum

97 2526 268 2597 modestia
282 2532 316 2595 et
332 2527 445 2619 posita
461 2527 682 2594 contentione
696 2525 802 2595 tidem
815 2526 847 2594 ei
860 2526 973 2594 facere
987 2529 1098 2592 tentat
1116 2546 1124 2609 ;
1138 2548 1210 2593 non

95 2635 216 2703 minus
246 2655 350 2725 quam
365 2634 574 2726 Egmontius
588 2633 736 2726 publicae
762 2632 924 2701 utilitatis
941 2631 1120 2702 studiosus
1145 2638 1208 2716 est,

91 2743 187 2811 salvo
199 2745 318 2810 autem
334 2764 397 2810 suo
412 2741 551 2823 officio,

138 2850 222 2919 Non
236 2850 379 2918 omnino
406 2849 583 2916 immerito
604 2847 782 2918 contendit
799 2848 1017 2919 Morillonius
1041 2872 1211 2939 nonnun-

92 2979 201 3049 quam
217 2956 495 3025 Maximilianum
510 2979 531 3024 a
545 2955 720 3025 nobilibus
733 2956 925 3049 impulsum
939 2980 1025 3035 esse,
1038 2980 1119 3026 nam
1129 2979 1209 3025 cum

92 3065 135 3132 iis
160 3062 290 3155 saepius
311 3068 535 3132 conversatus
565 3069 626 3141 est,
646 3085 754 3154 quam
780 3073 819 3131 ut
845 3063 990 3133 minime
1014 3064 1107 3157 apud
1130 3085 1209 3131 eum

92 3171 263 3242 valerent.
279 3170 399 3263 Itaque
420 3193 542 3239 eorum
562 3169 796 3262 querimonias
820 3171 894 3262 ipse
916 3173 1058 3248 audivit,
1083 3169 1208 3263 quihus

91 3280 142 3347 ite
170 3277 313 3347 auectus
329 3283 391 3359 est,
409 3283 447 3345 ut
460 3277 533 3368 jam
549 3277 603 3345 die
622 3278 663 3344 28
691 3278 821 3345 mensis
834 3277 1001 3346 februarii
1019 3280 1103 3348 ltssl
1120 3278 1207 3370 Regi

92 3387 158 3479 ipsi
189 3384 358 3453 scriberet
387 3383 567 3453 nobilibus
603 3383 884 3453 satisfaciendum
917 3407 1003 3468 esse,
1038 3407 1078 3453 eo
1113 3385 1207 3455 enim

89 3499 229 3561 tantum
244 3490 392 3559 modoet
406 3513 526 3583 pacem
542 3496 576 3560 et
591 3491 798 3560 catholicam
812 3490 915 3560 fidem
933 3493 1068 3561 restitui
1081 3500 1204 3584 posse⁸.

94 3600 223 3690 lniquo
248 3599 366 3667 animo
381 3597 461 3666 illos
476 3597 648 3681 dominos,
680 3598 805 3689 quibus
823 3599 896 3690 ipse
911 3598 1083 3681 utebatur,
1116 3598 1205 3667 mul-

92 3713 185 3775 tatos
198 3704 286 3774 vidit
301 3711 336 3773 et
350 3704 590 3773 misericordia
605 3711 725 3798 captus
740 3712 802 3789 est,
829 3728 909 3774 cum
934 3728 1035 3798 poena
1058 3705 1204 3775 crimine

91 3815 209 3906 maj0r
237 3812 287 3880 illi
303 3811 492 3897 videretur,
518 3810 665 3904 ideoque
708 3835 777 3904 quo
800 3814 953 3882 severius
979 3813 1016 3881 in
1044 3813 1204 3882 dominos

89 3920 249 3991 Albanus
275 3919 451 4004 saeviebat,
478 3942 519 3988 eo
531 3919 772 3989 vehementius
787 3920 829 3989 ab
854 3920 916 3991 illo
945 3919 1204 3992 Maximilianus

86 4050 209 4097 eorum
226 4028 332 4097 vitam
346 4026 604 4120 deprecabatur.

117 4272 141 4322 l.
161 4270 236 4322 Gerr.
252 4271 284 4322 de
302 4268 454 4331 Groncetle,
469 4270 514 4331 ΙΙΙ,
529 4284 554 4334 p.
572 4268 686 4323 ³23-32t.

116 4368 133 4419 2
160 4370 201 4422 ΕΙ.
216 4369 360 4419 Founrnon
375 4406 382 4430 ,
395 4370 464 4419 uvae.
482 4370 515 4419 dc
530 4368 652 4433 Philippa
665 4371 699 4430 11,
712 4374 731 4421 t.
750 4369 781 4430 ll,
797 4383 822 4433 p,
835 4370 874 4420 56.
