2968 5072
244 427 303 488 too
641 442 681 486 on
701 441 792 488 vanu
814 441 964 505 coenatu

231 585 531 681 rntadvertendnm
562 585 812 653 Granrellonus
842 585 1014 654 censebat.
1046 587 1131 654 Post
1161 585 1244 655 anni
1277 588 1360 655 1566

243 692 427 776 tumultus,
442 699 482 761 ut
495 693 600 784 Regis
612 692 798 761 auctoritas
814 692 851 761 in
865 692 985 784 Belgio
1001 692 1232 776 stabiliretur,
1247 699 1362 763 contra

246 799 432 893 Belgarum
445 799 525 892 jura
536 798 621 890 Regi
634 800 805 893 persuasit
822 806 861 867 ut
879 798 1024 869 munitis
1040 799 1193 868 castellis
1215 800 1361 869 colloca-

244 910 354 999 tisque
376 906 531 999 hispanis
559 906 741 991 militibus,
761 906 872 997 Belgii
892 907 1137 998 praelectorum
1158 911 1361 999 potestatem
1465 962 1466 967 η

243 1014 478 1097 imminueret,
505 1011 620 1086 Caroli
645 1014 674 1082 V
697 1012 810 1082 edicta
833 1014 1029 1083 restitueret
1054 1020 1087 1082 et
1112 1013 1285 1110 quidquid
1305 1036 1362 1105 per

242 1121 315 1191 vim
329 1121 446 1212 Belgae
463 1119 639 1189 consecuti
652 1126 779 1199 essent,
797 1119 1016 1189 rescinderet.

286 1230 354 1298 Sed
368 1228 404 1296 in
421 1227 499 1296 aliis
517 1226 641 1295 litteris
654 1249 727 1295 non
740 1226 785 1294 ad
803 1228 931 1318 Regem
948 1227 1084 1320 scriptis
1099 1227 1184 1321 quid
1202 1227 1362 1297 derebus

241 1334 389 1428 publicis
404 1334 547 1403 sentiret
566 1333 710 1402 omniuo
731 1330 966 1426 profitebatur,
986 1336 1085 1425 quasi
1099 1357 1172 1403 non
1187 1335 1363 1403 dubitaret

241 1443 328 1534 quin
356 1464 439 1510 mox
466 1441 502 1509 in
527 1439 688 1532 Belgium
713 1451 803 1509 esset
829 1441 1027 1524 rediturus;
1056 1441 1207 1534 etquid,
1237 1443 1362 1510 iterum

242 1549 359 1639 Belgio
383 1548 583 1641 praetectus,
607 1554 747 1616 acturus
771 1549 817 1615 sit
838 1548 996 1617 edisserit
1016 1558 1038 1615 ¹.
1062 1549 1115 1616 Ita
1142 1547 1363 1618 clementiam

241 1655 331 1747 apud
342 1677 423 1723 suos
438 1655 474 1722 in
489 1652 613 1746 Belgio
624 1655 756 1723 amicos
770 1653 910 1723 laudare
921 1677 991 1724 non
1004 1655 1141 1724 desinit.
1154 1656 1362 1724 Consiliario

243 1762 395 1833 iohanni
422 1760 590 1845 Blaserio,
613 1761 672 1854 qui
698 1761 734 1829 in
758 1762 913 1831 Concilio
935 1762 1130 1831 'sarbaram
1155 1763 1309 1842 sedebat,
1330 1769 1363 1830 et

243 1869 411 1939 canonico
439 1868 593 1937 Antonio
618 1867 782 1937 Contault
804 1868 944 1962 scripsit
965 1871 1038 1961 jam
1067 1870 1149 1938 satis
1180 1892 1362 1961 poenarum

245 1983 403 2047 exactum
419 1998 493 2045 esse
509 1981 542 2043 et
557 1976 685 2044 melius
694 1976 801 2044 fuisse
816 1978 935 2044 statim
947 1981 1026 2067 post
1040 1976 1225 2045 victoriam
1240 1999 1363 2045 nocen-

245 2083 422 2154 tissimum
437 2105 610 2176 quemque
626 2084 701 2151 sine
715 2081 912 2153 laxamento
925 2083 1084 2174 castigari
1099 2089 1132 2151 et
1146 2083 1362 2153 multitudini

242 2190 373 2282 ignosci
400 2197 423 2259 ².
463 2190 507 2257 Et
543 2212 627 2258 mox
666 2212 737 2258 non
763 2190 868 2259 modo
898 2189 1077 2258 nonnullis
1110 2191 1361 2282 ignoscendum

242 2304 371 2381 censet,
388 2298 447 2366 sed
469 2296 632 2365 omnibus
654 2319 715 2388 per
736 2295 883 2388 gratiam
915 2298 1123 2387 veniamque
1151 2298 1359 2388 generalem,

243 2427 349 2495 quam
389 2403 599 2494 jamdudum
627 2425 688 2496 per
721 2403 852 2471 litteras
892 2403 1039 2472 suaserit
1066 2415 1119 2471 ac·
1134 2404 1360 2474 libentissime

241 2511 363 2601 ipsein
379 2510 497 2601 Belgio
513 2511 690 2590 suasisset,
702 2511 730 2578 si
744 2509 793 2578 ibi
806 2511 928 2579 fuisset
942 2512 964 2578 ⁸.
982 2509 1228 2579 Vehementius
1244 2518 1361 2604 optare

243 2639 278 2684 se
298 2638 404 2707 quam
425 2617 484 2708 qui
504 2615 656 2685 maxime
675 2615 823 2708 publicae
847 2616 1010 2687 utilitatis
1034 2617 1213 2686 studiosus
1235 2619 1291 2698 sit,
1310 2625 1358 2703 ut,

216 2714 220 2722 ’
243 2724 371 2791 omissa
383 2723 564 2792 severitate
576 2745 645 2814 qua
656 2723 692 2791 in
704 2723 894 2793 nonnullos
908 2723 951 2791 ed
966 2724 1180 2814 reliquorum
1196 2731 1361 2794 terrorem

242 2830 522 2903 animadversum
548 2831 605 2913 sit,
630 2831 740 2922 gratia
765 2832 918 2924 generali
945 2837 979 2899 et
1007 2830 1192 2900 clementia
1218 2834 1362 2926 Hispani

241 2944 396 3022 utantur,
419 2959 523 3029 quam
548 2960 685 3030 semper
706 2942 839 3008 etanta
866 2942 1000 3029 etpost
1024 2937 1151 3007 Albani
1172 2939 1361 3008 adventum

242 3045 435 3115 laudaverit
449 3047 471 3115 ⁴.

285 3153 364 3222 Non
396 3152 502 3244 igitur
533 3151 785 3222 Granvellauus
819 3151 1096 3220 Maximilianum
1125 3175 1145 3220 a
1174 3149 1360 3222 clementia

241 3259 418 3344 deterruit,
439 3266 472 3328 et
490 3259 594 3327 ambo
610 3257 769 3327 derebus
789 3259 903 3349 Belgii
917 3259 1076 3351 publicis,
1095 3258 1137 3328 de
1153 3262 1359 3330 nocentibus

241 3366 424 3460 puniendis
437 3371 497 3435 aut
512 3366 613 3434 venia
628 3365 811 3434 tribuenda
826 3365 1097 3435 consentiebant.
1120 3368 1168 3446 Ut
1191 3367 1357 3438 Granvel-

241 3474 341 3542 lanus
364 3474 517 3565 primum
541 3495 561 3540 a
582 3473 842 3541 nocentissimis
869 3496 1007 3566 poenam
1031 3473 1256 3566 repetendam
1285 3498 1356 3545 esse

241 3581 386 3663 censuit,
402 3580 526 3648 deinde
542 3579 719 3647 nonnullis
732 3581 997 3671 ignoscendum,
1017 3581 1179 3649 omnibus
1193 3581 1354 3673 denique,

241 3689 289 3756 ita
297 3685 557 3755 Maximilianus
567 3687 603 3754 in
619 3685 858 3756 Cameracesio
874 3711 975 3778 poena
987 3687 1254 3757 nocentissimos
1271 3689 1357 3757 mul-

240 3794 338 3872 tavit,
348 3792 668 3883 nonnullisignovit
681 3800 726 3872 et,
736 3799 814 3863 ante
831 3800 963 3863 ceteros
974 3795 1195 3885 episcoposet
1204 3796 1355 3889 Philippi

240 3901 502 3992 ministros,pro
519 3900 681 3969 omnibus
695 3900 811 3991 belgis
826 3901 965 3970 veniam
978 3899 1176 3991 generalem
1189 3901 1352 3972 laudavit.

269 4062 294 4113 1.
313 4061 432 4126 συννοεῖ).
448 4059 480 4110 dc
492 4058 640 4122 &antella
653 4060 674 4123 1,
694 4061 768 4115 Prael.
784 4060 877 4123 xtlv,

270 4160 294 4213 2.
313 4159 391 4220 leid„
406 4157 454 4220 ΙΙΙ,
470 4172 495 4222 p.
512 4157 590 4207 ΙΙΙ-ΙΙ
605 4160 630 4208 et
647 4157 701 4209 186.

268 4257 293 4310 3.
310 4255 377 4308 thid.
391 4255 436 4316 111,
451 4270 477 4320 p.
490 4254 609 4307 att-518.

269 4356 295 4406 t·
311 4354 378 4407 leid.
391 4354 435 4416 ΙΙΙ,
450 4368 476 4418 p.
491 4352 547 4404 518.
