2988 5078
549 472 588 518 nn
608 473 679 519 aros
700 472 819 518 canaan
1193 458 1231 520 11

117 618 337 689 sermonibus
352 622 534 702 auxerunt,
555 623 594 686 ut
609 616 651 685 ab
664 639 704 686 eo
719 617 934 686 voluntatem
945 619 1049 709 Regis
1064 616 1233 714 ducisque

114 727 243 799 Albani
256 726 457 796 alienarent.

161 834 436 927 Sedquanquam
448 832 600 902 dominis
609 832 791 902 serviendo
806 833 1035 925 quorumdam
1046 833 1236 904 catholico·

115 965 197 1013 rum
213 941 415 1013 inimicitias
439 941 560 1026 subiit,
587 963 659 1010 non
681 962 816 1034 semper
842 963 904 1034 pro
928 941 1032 1010 tantis
1056 942 1235 1012 beneficiis

117 1051 295 1142 egregiam
314 1049 347 1119 ei
369 1048 517 1142 gratiam
540 1048 674 1117 domini
697 1048 941 1118 rettulerunt¹.
966 1072 985 1116 c
1006 1049 1085 1117 Scio
1111 1051 1236 1141 quoda

117 1158 270 1229 dominis
285 1156 430 1236 ridetur,
449 1182 468 1225 a
485 1156 624 1248 scripsit
641 1155 861 1226 Morillonius
876 1154 898 1225 ¹.
917 1156 1043 1224 Mirum
1062 1157 1156 1224 enim
1168 1180 1236 1250 qua

116 1265 343 1336 irreverentia
365 1286 445 1359 erga
467 1263 746 1334 Maximilianum
769 1269 961 1344 uterentur,
979 1268 1013 1333 et
1038 1264 1236 1334 videbimus

117 1373 244 1465 quibus
259 1372 425 1443 conviciis
440 1394 519 1441 eum
530 1371 566 1440 in
580 1370 807 1465 amplissimis
819 1370 1116 1466 epulisEgmontii
1131 1373 1235 1442 amici

117 1480 349 1551 consectaturi
362 1481 442 1548 sint.

161 1587 289 1658 Nobile
305 1586 447 1682 quidem
462 1585 692 1655 Maximiliani
709 1608 819 1678 genus
834 1608 1088 1678 nonnunquam
1103 1586 1236 1656 domini

118 1718 242 1788 parum
257 1699 435 1774 curarunt,
454 1695 547 1787 qnod
567 1701 704 1764 tantum
730 1717 791 1788 per
816 1694 959 1778 nothos,
981 1696 1120 1765 tametsi
1137 1694 1236 1765 illam

118 1803 302 1872 infamiam
333 1803 365 1872 ei
396 1826 577 1895 nunquam
604 1802 819 1894 objecerunt,
852 1825 872 1870 a
907 1802 1040 1896 Glymis
1065 1803 1236 1896 originem

115 1911 251 1980 habuit.
286 1911 463 1981 Johannes
494 1910 588 1978 enim
618 1910 803 1993 Labiosus,
835 1908 999 1979 domiuus
1031 1911 1233 2002 Bergarum,
1272 1926 1276 1935 '

116 2018 237 2089 decem
254 2040 272 2088 e
288 2017 421 2087 duabus
435 2017 540 2111 justis
555 2015 724 2085 uxoribus
749 2015 879 2085 liberos
903 2017 1072 2087 habuerat
1086 2023 1120 2086 et
1135 2020 1236 2112 quin-

116 2148 182 2219 que
207 2126 347 2209 nothos,
374 2148 524 2217 quorum
548 2124 684 2192 Dismas
709 2148 729 2191 a
750 2124 884 2216 Bergis,
902 2125 962 2217 qui
986 2125 1029 2193 ad
1045 2125 1235 2195 concilium

116 2234 292 2326 privatum
321 2231 506 2313 admissus,
541 2232 737 2302 Barcinone
775 2237 924 2300 mortem
966 2232 1065 2302 obiit.
1096 2233 1234 2303 Dismas

117 2334 349 2410 autem'duos
389 2340 477 2409 filios
507 2341 640 2432 genuit,
672 2362 822 2430 quorum
862 2340 977 2431 major
1005 2340 1183 2410 iohannes
1213 2365 1233 2410 a

116 2448 238 2539 Bergis
254 2448 322 2515 tuit
337 2449 488 2538 primum
513 2448 643 2516 summi
669 2447 809 2519 concilii
823 2447 1084 2518 Machliniensis
1109 2471 1234 2537 praeses

119 2579 158 2625 ac
170 2561 292 2648 postea
308 2555 449 2624 concilii
473 2555 681 2635 Hollandiae‚
699 2556 815 2623 minor
834 2561 950 2624 autem
974 2555 1234 2626 Maximilianus

117 2686 137 2732 a
151 2663 287 2754 Bergis,
304 2685 397 2730 anno
424 2664 509 2732 1518
525 2667 640 2744 natm,
658 2662 812 2754 primum
827 2663 894 2729 tuit
909 2660 1110 2754 Collegialis
1125 2663 1235 2734 eccle-

117 2773 177 2843 siae
209 2770 329 2840 Sancti
362 2769 546 2839 Gummari
569 2770 660 2838 Liras
691 2768 842 2839 decanus
873 2770 1085 2861 oratoriique
1108 2777 1235 2841 sanctae

117 2878 310 2972 Maiestatis
335 2878 531 2970 praefectus,
560 2880 681 2970 postca
708 2877 971 2946 Cameracensis
995 2878 1177 2970 episcopus
1202 2886 1236 2949 et

118 2986 411 3079 archiepiscopus,
429 2985 517 3055 sacri
528 2984 670 3076 imperii
681 2985 831 3053 Romani
844 2984 1015 3076 prinecps,
1029 2984 1100 3053 dux
1115 2986 1235 3054 Came·

117 3093 271 3164 sacensis
305 3098 339 3162 et
372 3114 488 3162 comes
520 3090 751 3162 Cameracesii
778 3097 810 3162 et
844 3114 935 3160 anno
971 3094 1057 3163 1570
1091 3091 1133 3161 de
1164 3093 1234 3163 vita

119 3199 319 3293 migravit⁸.

149 3453 172 3505 1.
192 3453 315 3521 Correap.
331 3453 365 3505 de
380 3453 527 3516 Grnnoetta
544 3453 564 3516 l,
574 3468 600 3518 p.
614 3454 654 3504 11.

148 3552 163 3603 2
190 3553 300 3619 Pnpicrs
313 3553 403 3604 d'mat
414 3554 450 3603 dn
462 3551 631 3604 maceratae
647 3552 797 3616 Granvella
812 3552 883 3614 vni,
898 3567 924 3617 p.
938 3551 997 3605 296.

147 3651 172 3703 ³.
188 3652 332 3714 ommis,
348 3651 397 3704 toc.
412 3653 458 3702 cit.
474 3654 500 3704 et
515 3651 737 3718 corresponMc
753 3650 901 3713 orantem,
917 3651 937 3711 1,
951 3666 976 3718 p.
992 3651 1032 3714 11,
1048 3654 1121 3704 nota.
