2968 5072
361 348 519 405 navemn
540 349 706 404 eruamus
727 352 978 407 anormaarloua
1171 338 1230 407 rut

114 508 188 572 erat
202 502 387 571 confestim
402 523 445 570 ex
459 501 523 570 Pio
538 500 570 569 V
585 499 690 570 breve
705 501 904 594 impetrare,
922 503 1025 595 cujus
1044 504 1232 575 formulam

113 607 284 678 cardinali
298 614 402 702 atque
422 607 575 677 lohanni
592 607 736 699 Zunigae
756 607 870 700 legato
885 608 1044 681 Albanus
1060 613 1233 682 missurus

112 721 199 787 erat.
228 716 279 785 Eo
312 715 442 807 scripto
478 713 591 784 danda
622 720 695 785 erat
722 715 911 808 Belgarum
938 716 1232 791 absolvendorum

112 822 273 905 facultas,
295 827 329 892 et
343 821 394 892 sic
408 821 685 891 confirmandum
700 822 856 915 diploma
869 824 963 915 regis
978 826 1233 916 praeteritorum

112 931 329 1001 oblivionem
344 928 594 1023 turbarumque
608 930 748 998 veniam
762 929 897 1001 civibus
912 931 1097 1002 tribuentis
1112 937 1133 1002 ¹.

156 1036 325 1131 Epistola,
343 1038 454 1107 tribus
475 1042 554 1129 post
576 1035 697 1107 diebus
712 1035 804 1122 data,
821 1037 999 1109 indicabat
1016 1040 1153 1111 Albano
1169 1065 1230 1112 rex

112 1169 150 1216 se
163 1145 253 1216 Duci
266 1143 470 1237 eligendum
484 1143 612 1223 virum,
623 1144 680 1214 cui
693 1166 823 1214 munus
837 1144 950 1215 veniae
962 1149 1231 1240 pronuntiandae

112 1253 271 1346 pontifex
283 1252 526 1332 committeret,
544 1251 759 1346 relinquere;
773 1251 885 1323 videri
901 1259 1021 1325 tamen
1037 1256 1107 1325 sibi
1123 1257 1232 1327 Gran-

112 1359 288 1430 vellanum
315 1357 466 1429 mamme
493 1357 666 1451 ejusmodi
689 1359 829 1452 negotio
853 1365 994 1454 aptum;
1023 1362 1083 1456 qui
1107 1363 1137 1433 si
1160 1386 1233 1433 non

110 1471 242 1559 praesto
273 1467 376 1552 locet,
407 1465 648 1536 cameracensi
678 1464 939 1562 archiepiscopo
970 1491 1045 1540 rem
1074 1470 1232 1541 mandari

112 1579 251 1667 posse⁸.

156 1680 235 1752 Jam
262 1680 370 1774 igitur
396 1679 528 1774 optima
552 1679 783 1752 Granvellano
807 1681 844 1752 in
865 1681 1028 1776 Belgium
1053 1708 1232 1780 regressus

112 1789 263 1872 occasio,
286 1811 351 1858 nec
374 1787 477 1858 facile
501 1788 673 1881 intelligas
695 1810 758 1857 cur
780 1789 1005 1861 manifestum
1024 1792 1062 1861 in
1085 1794 1233 1887 provin-

112 1898 204 1967 ciam
214 1895 384 1968 redeundi
393 1896 548 1967 studium
559 1902 644 1965 tnnc
657 1918 728 1966 non
739 1895 938 1989 expleverit.
948 1898 1086 1970 Scimus
1094 1907 1232 1972 tantum

113 2027 157 2074 ex
188 2004 345 2096 Philippi
377 2002 470 2096 regis
504 2003 626 2073 litteris
656 2003 836 2073 Albanum
869 2007 1041 2098 expressis
1066 2009 1183 2078 verbis
1211 2030 1233 2079 a

111 2133 253 2183 summo
263 2111 432 2181 Pontifice
444 2110 631 2204 petiissent
645 2111 755 2181 Breve
765 2108 827 2181 uni
840 2109 1080 2185 Cameracensi
1090 2116 1233 2210 permit-

110 2223 244 2290 teretur
257 2221 280 2288 ⁸.
303 2218 429 2291 Utrum
450 2217 730 2301 Granvellanum,
750 2218 856 2311 regiae
877 2220 1125 2293 misericordie
1146 2224 1232 2295 olim

111 2331 304 2405 auctorem,
332 2346 493 2395 amovere
512 2324 670 2394 Albanus
698 2324 860 2407 voluerit,
878 2350 923 2397 an
951 2320 1230 2404 llaximilianum

111 2432 292 2527 delegerit,
311 2430 543 2503 Grenvellano
567 2438 646 2524 post
666 2432 797 2501 multos
815 2431 890 2503 dies
905 2434 948 2503 ad
964 2434 1232 2510 deliberandum

111 2549 269 2634 sumptos
292 2539 507 2633 pontificiam
532 2537 742 2632 legationem
770 2539 912 2611 tandem
940 2553 1133 2632 recusante,
1158 2570 1232 2620 non

110 2648 194 2719 satis
210 2652 427 2741 compertum
439 2645 778 2717 hahemus.Resuna
790 2647 1001 2744 inpromptu
1016 2659 1084 2723 est:
1099 2654 1232 2726 scilicet

110 2753 234 2849 procul
249 2762 300 2826 est
314 2753 422 2824 dubio
436 2753 625 2837 Albanum,
644 2754 831 2847 incipiente
851 2779 945 2828 anno
966 2760 1064 2842 1570,
1083 2761 1129 2832 ad
1144 2763 1231 2832 llis-

109 2862 223 2957 paniae
239 2884 358 2955 regem
373 2861 551 2953 scripsisse
566 2861 800 2932 Granvellano
820 2870 954 2934 certum
974 2889 1060 2948 esse,
1078 2869 1109 2937 si
1127 2870 1231 2940 lamae

109 2969 320 3052 crederetur,
339 2992 412 3039 non
432 2974 512 3038 ante
532 2968 569 3037 in
589 2967 752 3059 Belgium
775 2970 924 3062 regredi,
943 2995 1048 3064 quam
1071 2976 1230 3047 omnium

111 3099 230 3149 rerum
250 3099 388 3148 summa
409 3098 513 3169 penes
530 3075 724 3169 principem
744 3076 861 3179 stirpis
880 3080 986 3172 regiae
1004 3082 1105 3152 loret.
1130 3084 1230 3168 Quod

111 3184 160 3256 ita
177 3183 332 3278 Philippi
353 3184 459 3257 menti
480 3181 583 3252 haesit
607 3188 647 3252 ut
670 3205 741 3252 non
760 3185 868 3254 semel
887 3185 1032 3278 jusserit
1052 3189 1229 3263 Albanum

111 3314 238 3362 verane
252 3314 308 3362 res
322 3300 412 3361 esset
424 3291 600 3384 inquirere
613 3290 635 3358 ⁴.

158 3398 294 3469 Primae
316 3399 421 3492 igitur
442 3397 575 3468 laturus
597 3404 672 3467 erat
691 3396 950 3472 Maximilianus
970 3426 992 3471 a
1010 3403 1144 3499 Bergis.
1166 3408 1229 3481 Cui

111 3505 268 3601 quidem,
286 3503 517 3578 Granvellano
536 3527 625 3575 onus
639 3504 850 3598 defugiente,
866 3513 1008 3601 propter
1021 3510 1231 3604 splendidis·

112 3615 239 3685 simam
258 3613 463 3707 dignitatem
475 3611 589 3683 veniae
603 3612 870 3705 pronuntiandae
885 3613 991 3685 decus
1005 3639 1226 3701 concessum

111 3744 185 3793 non
198 3722 371 3792 immerito
393 3726 525 3803 tamen,
540 3720 570 3791 si
584 3718 849 3791 meminerimus
869 3742 946 3813 quae
964 3731 1067 3796 antea
1084 3737 1230 3802 conatus

111 3831 230 3901 luerit.
254 3829 397 3903 Minime
418 3835 514 3922 grata
535 3850 673 3898 summo
693 3827 856 3898 Pontifici
881 3851 1040 3923 persona,
1062 3842 1102 3907 ut
1125 3861 1230 3932 supra

144 3982 168 4034 1.
186 3983 309 4048 corrup.
324 3983 357 4033 dr
370 3979 521 4044 Granoelle,
536 3979 581 4044 111,
595 3994 622 4044 p.
636 3979 692 4032 mr.

142 4081 168 4134 2.
186 4074 308 4146 Corrup.
323 4080 356 4132 de
367 4076 489 4145 Philippa
502 4080 537 4141 ll,
553 4082 574 4130 t.
590 4077 623 4139 ll,
638 4092 664 4143 p.
681 4075 721 4128 91.

143 4178 168 4231 8.
185 4179 256 4232 lttd.
274 4182 293 4230 t.
308 4177 339 4240 11,
348 4192 374 4243 p.
388 4176 442 4229 106.

144 4277 171 4330 4.
188 4276 308 4341 comp.
320 4276 354 4328 dc
366 4272 513 4336 Θνωικὶὶι,
526 4272 571 4335 Ill,
584 4286 612 4338 p.
623 4272 745 4326 uacca
