2968 5072
376 427 414 471 aa
438 429 537 473 vsmn
559 431 724 476 caucasus
745 431 994 477 raouuacarroua
1185 419 1243 479 179

112 569 230 661 'gione
246 573 464 666 gemmisque
479 574 651 667 pretiosos
665 598 686 643 a
699 577 765 644 Pio
779 577 907 645 missos
917 581 995 645 ante
1007 579 1211 646 memoravi.
1225 607 1244 644 s

124 677 167 744 ln
182 678 348 769 gradibus
363 687 558 773 suggestus
575 684 636 751 ubi
650 688 725 752 erat
738 684 878 765 solium,
893 689 1042 766 tautum,
1055 685 1103 752 ait
1118 686 1245 753 Ferra-

127 782 212 869 luis,
232 791 330 854 erant
349 787 478 856 Albani
507 789 673 858 satellites
701 798 735 859 et
761 791 853 858 infra
878 791 1031 883 episcopi
1061 796 1094 860 et
1117 791 1245 861 Albani

125 891 242 974 liberi,
259 891 331 961 dux
350 895 546 979 Areschoti,
566 896 825 965 Barlamontius
845 903 878 965 et
901 898 1140 977 Norcarmius‚
1167 923 1246 967 can·

127 999 292 1068 cellarius
307 1000 553 1086 Brabantimm,
569 1002 711 1094 Viglius
723 1003 988 1096 compluresque
1006 1004 1080 1073 alii.

175 1107 409 1179 Cancellarius
435 1110 589 1201 primum
616 1112 810 1178 orationem
825 1110 973 1195 habuit;
1004 1136 1023 1177 c
1048 1120 1123 1181 tum
1151 1138 1247 1207 prac-

127 1235 253 1281 couem
281 1215 439 1284 Albanus
465 1215 572 1308 jussit
600 1241 707 1310 prope
734 1223 884 1285 stantem
911 1220 1057 1288 recitare
1091 1222 1245 1313 diploma

127 1320 247 1411 Regis,
266 1344 336 1413 quo
359 1325 614 1414 praeteritorum
632 1324 763 1393 oblivio
778 1324 1030 1418 turbarumque
1056 1330 1158 1397 venia
1172 1329 1247 1397 Bel-

128 1450 253 1518 garum
282 1429 422 1521 populis
438 1429 667 1500 tribuebatur.
686 1431 786 1514 Quod
802 1431 863 1501 ille
884 1431 1013 1502 Gallice
1039 1433 1246 1526 Belgiceque

129 1535 295 1625 praestitit
310 1536 397 1606 adeo
412 1560 518 1607 rauca
533 1561 796 1631 compressaque
813 1562 899 1608 voce
918 1547 958 1607 ut
976 1562 1080 1630 quam
1108 1542 1248 1634 paucis-

128 1641 232 1710 simis
244 1650 429 1735 perceptus
449 1646 516 1713 sit:
546 1646 620 1714 sive
649 1645 685 1712 id
716 1669 798 1714 casu
823 1647 990 1728 evenerit,
1021 1647 1095 1715 sive
1122 1647 1248 1715 Albani

129 1747 246 1817 studio
274 1752 473 1842 quaesitum,
505 1752 565 1843 qui
586 1751 738 1821 malebat
752 1753 962 1825 beneficium
982 1776 1024 1822 ex
1053 1777 1093 1821 aa
1122 1777 1248 1846 pompa

128 1878 318 1950 sparsoque
334 1859 516 1951 magnilica
531 1858 572 1927 de
593 1860 746 1951 generali
769 1861 872 1928 venia
895 1883 1049 1938 rumore,
1067 1882 1179 1950 'quam
1208 1886 1250 1929 ex

129 1963 206 2054 ipso
219 1965 330 2033 veuiae
346 1964 547 2057 diplomate,
566 1967 623 2035 cui
637 1972 711 2036 tam
726 1967 846 2035 multa
862 1966 1079 2059 exceptiones
1099 1968 1247 2049 inerant,

129 2092 152 2139 a
166 2071 284 2161 Belgis
300 2073 478 2142 aestimari.
493 2074 649 2143 Accessit
663 2073 757 2166 quod
770 2073 972 2157 multitudo,
988 2096 1066 2165 quae
1087 2074 1209 2165 procul
1228 2100 1249 2143 a

132 2176 270 2246 theatro
285 2180 474 2272 spectabat,
493 2182 614 2274 ignara
634 2187 807 2272 quantum
832 2181 957 2273 cuique
979 2181 1246 2265 condonaretur,

132 2284 236 2354 facile
250 2283 294 2354 ab
310 2288 354 2355 iis
368 2289 428 2380 qui
445 2289 606 2357 consulta
623 2311 727 2381 opera
745 2286 955 2356 beneficium
975 2288 1067 2379 regis
1087 2293 1250 2357 extenua·

130 2390 228 2473 bant,
260 2394 297 2461 in
326 2417 477 2463 errorem
506 2395 650 2463 inducta
670 2401 732 2476 est,
756 2401 931 2462 eteorum
960 2417 1031 2462 non
1059 2394 1172 2486 pauci,
1189 2396 1248 2486 qai

131 2500 276 2592 propius
304 2502 497 2585 astiterant,
529 2502 572 2571 ob
595 2525 636 2570 ca
650 2501 892 2593 exceptionum
920 2501 1045 2593 capita,
1073 2524 1145 2569 non
1169 2503 1253 2570 satis
1329 2590 1332 2595 4

132 2605 201 2674 sibi
218 2607 333 2676 adhuc
347 2609 415 2677 tuti
427 2609 648 2679 videbantur.
676 2635 694 2676 ›

176 2715 355 2794 Attamen,
372 2716 400 2784 F
401 2717 527 2785 erralio
543 2723 697 2795 auctore,
710 2716 1250 2807 Albanussperaveratpopulum

132 2821 294 2890 laetitiam
310 2823 589 2913 significaturum
604 2847 690 2903 csse,
709 2846 790 2890 nam
815 2820 890 2911 ejus
906 2843 1063 2912 promus,
1090 2823 1150 2911 qui
1175 2830 1254 2913 post

133 2929 261 2998 solium
295 2936 382 3012 erat,
413 2953 492 2998 cum
522 2930 670 3000 civibus.
686 2935 929 3020 composuerat
958 2935 1007 3005 ut,
1039 2951 1118 2996 cum
1153 2929 1255 2997 suda-

133 3037 227 3104 rium
242 3037 451 3121 ostenderet,
470 3038 587 3106 cuncti
605 3036 743 3105 Albano
757 3034 1000 3104 acclamarent.
1017 3036 1098 3117 Sed,
1115 3036 1254 3105 sudario

134 3150 244 3221 moto,
273 3166 396 3211 omnes
425 3145 677 3213 obmutuerunt
705 3148 740 3210 et
769 3142 945 3211 tubicines
971 3147 1108 3209 tautum
1131 3165 1255 3212 sonue-

134 3254 275 3318 runt‘.‹
300 3249 398 3319 Certe
412 3250 633 3319 observatum
652 3256 703 3319 est
723 3248 907 3342 plerosque
925 3247 1069 3317 domum
1086 3273 1253 3343 suspenso

133 3358 252 3426 animo
280 3357 434 3440 rediisse,
463 3381 529 3427 nec
556 3357 671 3426 ullum
690 3357 790 3425 festis
813 3357 849 3423 in
877 3358 979 3423 nocte
1004 3354 1139 3426 lacibus
1168 3358 1258 3449 igni·

133 3463 279 3557 busque,
311 3469 431 3533 contra
458 3487 564 3555 quam
589 3463 745 3533 Albanus
764 3463 831 3531 sibi
854 3469 1085 3554 persuaserat,
1106 3462 1254 3533 edidisse

131 3570 375 3661 gratulationis
389 3576 644 3663 argumentum.
672 3596 690 3637 s

177 3678 334 3747 Fuerunt
371 3683 487 3747 tamen
515 3678 615 3747 lestae
643 3678 734 3745 laces
760 3676 928 3768 ignesque
972 3676 1027 3744 die
1054 3679 1096 3746 25
1122 3679 1253 3746 mensis

130 3784 212 3877 julii
236 3808 296 3877 per
324 3790 394 3854 tres
421 3785 508 3869 dias,
539 3784 599 3854 sed
631 3789 774 3875 sumptu
802 3782 956 3874 publico,
989 3805 1071 3851 nam
1103 3786 1253 3877 populus

133 3892 441 3969 abstinuit¹3cum
467 3891 624 3962 Albanus
654 3889 794 3958 tandem
824 3888 988 3980 diploma,
1025 3891 1117 3981 quod
1152 3896 1254 3961 antea

132 3996 1251 4088 occultumtenueratedidisset,cognitiscunotisexceptionibus,

163 4243 187 4292 l.
205 4242 349 4301 Grandae,
366 4242 401 4292 ta
417 4240 600 4307 bibliotheque
613 4238 784 4290 Nationulcd
798 4238 884 4295 Paria,
900 4236 954 4287 tll
979 4250 1002 4300 p.
1017 4237 1122 4287 era-48²

165 4341 192 4392 ².
213 4339 280 4391 reid.
295 4338 328 4391 ll.
340 4354 365 4406 p.
380 4340 493 4391 caleo.
