2968 5072
248 414 307 475 184
732 427 893 475 cormesio

248 573 492 643 seditiosorum
521 574 676 644 motibus
702 595 838 642 summa
860 570 1044 664 prudentia
1068 570 1106 640 in
1128 571 1252 639 limine
1276 592 1367 638 com-

246 681 385 772 pressis,
396 681 468 761 sed,
480 705 560 750 curu
571 681 727 775 plerique
738 677 911 772 supplicia
922 677 1113 758 laudarent,
1127 679 1200 770 ipsc
1217 676 1369 746 clemen·

247 787 331 854 tiam
350 787 512 856 laudavit.

288 892 367 962 Non
381 896 449 963 luit
468 896 730 966 Maximilianus
743 894 799 962 vir
813 892 1139 985 praestantissimus,
1156 914 1223 960 nec
1238 893 1369 984 primas

245 1001 282 1067 in
298 1000 420 1092 Belgio
435 1002 527 1070 tulit.
545 1002 611 1071 Sed
635 1024 771 1082 corum,
789 999 847 1091 qui
871 1000 1104 1068 secundarum
1129 1001 1281 1088 partium
1294 1000 1370 1066 fue-

245 1113 338 1189 runt,
357 1109 394 1176 in
409 1108 527 1177 locum
540 1109 732 1201 principem
752 1107 858 1189 venit,
869 1129 944 1186 nac,
962 1105 1006 1174 ob
1021 1104 1218 1197 complures
1234 1127 1368 1187 causas,

246 1215 392 1305 quasin
418 1215 525 1307 hujus
564 1215 678 1308 operis
708 1213 879 1306 capitibus
909 1213 1169 1296 edisseruimus,
1200 1212 1370 1303 indignus

246 1320 348 1389 nobis
363 1321 459 1390 visus
475 1328 526 1390 cst
541 1323 601 1413 qui
616 1345 658 1391 ex
673 1321 849 1389 oblivione
864 1320 1114 1389 extraheretur.

291 1427 552 1496 Maximilianus
584 1430 679 1496 cuim
713 1428 996 1496 Cameracensem
1029 1426 1370 1519 archiepiscopatum

247 1534 411 1617 obtinuit,
429 1557 510 1604 cum
525 1558 579 1604 res
596 1536 644 1604 ita
659 1558 694 1604 se
714 1535 879 1603 haberent
895 1540 935 1602 ut
950 1533 1232 1625 archiepiscopus
1249 1533 1370 1602 Came-

246 1642 399 1710 racensis
420 1664 492 1710 nou
513 1649 630 1734 posset
653 1664 725 1711 non
753 1641 901 1710 inserti
928 1641 1054 1710 decimi
1080 1639 1200 1709 saeculi
1226 1640 1369 1708 annales

245 1749 379 1832 reterri,
396 1750 525 1841 quippe
540 1749 599 1839 qui
615 1754 649 1818 at
661 1771 777 1818 eomes
793 1748 1021 1817 cameracesii
1038 1753 1072 1816 at
1084 1748 1369 1838 archiepiscopus

245 1856 442 1948 provincias
463 1879 599 1948 magnae
622 1856 735 1947 Belgii
760 1857 867 1947 partis
891 1855 1064 1923 haereticis
1084 1854 1189 1923 bellis
1208 1854 1367 1923 turbatas

246 1962 516 2032 administraret.
540 1963 582 2030 ut
603 1963 882 2033 Cameracesium
901 1961 1002 2042 illud,
1020 1964 1075 2032 cui
1099 1970 1247 2054 praeerat
1263 1963 1370 2030 Maxi·

246 2068 411 2139 milianus
434 2093 454 2138 a
476 2070 608 2160 bergis,
626 2070 668 2138 ad
697 2071 763 2139 tria
792 2093 908 2162 regna,
939 2068 1173 2151 Germaniam,
1204 2067 1366 2149 Galliam,

246 2175 489 2268 Belgiumque,
516 2178 725 2269 pertinebat,
741 2179 778 2245 iu
794 2200 871 2268 quae
888 2183 971 2244 tunc
986 2177 1145 2244 omnium
1158 2175 1253 2243 oculi
1269 2197 1368 2242 men-

245 2286 366 2375 tesque
379 2284 523 2351 intentae
538 2289 647 2367 erant,
664 2291 698 2352 et
712 2306 900 2373 regnorum
916 2281 1061 2350 illorum
1076 2283 1236 2350 historiae
1251 2283 1369 2350 Came·

245 2390 369 2459 racesii
384 2389 685 2482 Maximilianique
700 2391 847 2459 historia
861 2388 1089 2459 adscribenda
1104 2394 1167 2458 est.

295 2496 394 2565 Adde
411 2498 501 2586 quod
515 2497 777 2566 Maximilianus
791 2521 811 2565 a
826 2497 947 2589 Bergis
960 2520 1030 2565 non
1044 2498 1158 2588 quivis
1173 2520 1267 2566 unus
1282 2503 1368 2578 erat,

251 2605 379 2696 quippe
395 2606 454 2694 qui
469 2603 579 2673 nobili
601 2603 678 2674 loco
698 2611 801 2673 natus
816 2611 905 2673 esset
918 2615 951 2673 et
966 2606 1052 2695 ipse,
1070 2627 1144 2673 sese
1160 2604 1197 2671 in
1212 2604 1369 2696 pacifica-

246 2711 378 2779 tionem
398 2711 488 2779 inter
508 2711 690 2780 seditiosos
708 2714 951 2804 Albanumque
972 2713 1212 2802 interponens,
1229 2710 1363 2801 magni-

247 2817 369 2887 tudine
382 2819 492 2887 animi
507 2818 657 2909 quadam
673 2820 874 2888 eminuerit:
895 2841 959 2886 nec
976 2819 1158 2886 honestius
1180 2819 1366 2886 eonsilium

246 2933 334 2995 tunc
362 2925 527 2995 adhibere
555 2928 706 3017 potuerit
732 2949 836 3017 quam
865 2927 893 2993 si
923 2927 1013 2994 inter
1042 2925 1211 2993 factiones
1240 2927 1368 3017 pariter

248 3035 380 3102 leroces
392 3055 464 3101 non
476 3017 965 3124 religionislibertatem,quae
977 3031 1171 3123 quidemab
1182 3033 1368 3125 episcopali

251 3141 420 3232 dignitate
444 3148 479 3208 et
503 3140 718 3232 temporibus
744 3139 967 3234 abhorrebat,
986 3139 1045 3208 sed
1071 3163 1256 3231 poenarum
1281 3139 1369 3208 laxa-

251 3254 405 3316 mentum
421 3248 629 3340 veniamque
645 3246 844 3339 generalem
856 3247 1069 3339 praedicaret.

298 3355 335 3422 Si
352 3354 436 3444 quid
452 3354 562 3443 egerit
577 3353 726 3421 breviter
741 3351 1017 3445 complectimur,
1035 3354 1241 3422 omittamus
1257 3365 1370 3422 tamen

253 3460 427 3552 quomodo
438 3460 579 3553 Imperii
592 3460 788 3529 Germanici
802 3461 963 3552 princeps
979 3482 1016 3528 se
1031 3460 1193 3550 gesserit3
1212 3483 1293 3529 cum
1309 3462 1369 3530 hoc

253 3569 327 3658 ipse
343 3568 516 3659 praeoipue
531 3573 701 3657 quareret
713 3573 753 3635 ut
768 3567 1045 3637 cameracesium
1071 3572 1167 3635 extra
1178 3568 1238 3658 jus
1256 3568 1369 3636 domi-

255 3675 424 3765 niumque
450 3673 645 3743 Germaniae
670 3681 762 3743 esset
780 3681 815 3743 at
834 3676 1012 3743 omuinoa
1035 3674 1252 3743 Germanicis
1275 3675 1371 3743 rebus

253 3780 472 3850 descisceret.

300 3887 408 3970 Idem,
429 3894 602 3978 quatenus
615 3888 798 3981 episcopus
814 3889 948 3980 agebat,
967 3887 1197 3957 arbitrabatur
1211 3911 1284 3956 non
1307 3909 1370 3955 cer-

252 3996 322 4062 tius
343 3994 505 4062 haeresim
525 3996 695 4086 restingui
717 4019 818 4089 posse
843 4019 946 4086 quam
966 3995 1199 4086 expurgandis
1219 3993 1368 4063 ecclesie

254 4101 433 4170 catholicae
452 4099 549 4169 vitiis
571 4124 648 4192 quae
661 4103 823 4171 haeresim
839 4103 1055 4193 genuissent:
1071 4103 1190 4193 itaque
1207 4100 1368 4171 laboravit

257 4213 297 4276 ut
318 4205 539 4300 presbyteros
563 4232 634 4277 suae
659 4209 818 4279 dioecesis
843 4210 1042 4300 corrigeret,
1060 4206 1242 4300 improbos
1260 4207 1368 4278 detru-

256 4314 352 4383 deret
386 4336 575 4407 eorumque
608 4318 645 4384 in
681 4316 798 4385 locum
832 4317 1046 4385 honestiores
1080 4325 1305 4408 supponeret,
1335 4318 1363 4379 ct
