2968 5072
315 478 318 485 ,
369 460 407 505 nn
428 459 623 504 naxiuuuuo
645 459 819 505 cnxucurm
840 462 973 508 suescas
1177 450 1236 510 153

113 604 374 700 praetermisisse
392 603 478 695 quin
498 626 579 671 cum
594 603 796 673 marchione
818 604 936 696 plures
952 607 1056 677 horas
1070 606 1193 677 luisset
1207 616 1229 676 ¹.

111 715 213 795 ltem,
240 716 282 779 ut
296 709 572 780 Maximilianum
587 708 780 793 infamaret,
798 711 1068 782 Granvellanum
1083 713 1237 806 diligen-

113 821 251 890 tissime
269 818 406 887 monuit
424 818 545 887 ambos
566 818 691 886 iisdem
713 819 755 888 de
774 820 1003 913 inquisitione
1029 821 1146 890 verbis
1166 822 1234 891 uti:

115 926 396 997 Maximilianum
406 931 439 993 et
449 925 686 994 marchionem
703 928 912 996 contendere
927 927 1008 996 hino
1026 929 1238 1021 quingentos

117 1034 281 1104 dominos
294 1038 328 1100 et
341 1035 550 1101 mercatores
563 1032 780 1124 proiecturus
791 1057 865 1104 esse
879 1041 912 1103 et
926 1034 1088 1127 Belgium
1100 1042 1237 1103 vastum

118 1148 153 1211 et
176 1163 328 1209 vacuum
357 1141 433 1209 iore
458 1137 480 1207 ³.
509 1140 555 1210 Ut
583 1139 687 1208 etiam
712 1141 908 1211 ostenderet
927 1142 1102 1233 quomodo
1131 1141 1236 1211 ambo

118 1248 365 1329 consentirent,
381 1246 516 1315 rettulit
530 1269 634 1340 quem
649 1251 792 1340 uterque
812 1271 893 1317 cum
911 1249 1106 1340 Angiieano
1123 1249 1236 1340 iegato

118 1376 316 1425 sermonem
333 1353 514 1423 habuerit:
533 1353 687 1444 legatum
702 1355 796 1423 onim
818 1355 946 1425 dixisse
963 1356 1119 1424 audierat
1143 1378 1238 1424 mar·

119 1455 282 1532 ebionem
306 1461 355 1530 ita
378 1460 420 1529 de
444 1459 614 1553 religione
641 1460 738 1553 loqui
772 1472 810 1529 ut
833 1462 1011 1532 videretur
1039 1486 1115 1532 eam
1145 1485 1236 1531 cura²

118 1570 232 1661 magis
253 1568 382 1637 hahere
407 1590 512 1659 quam
538 1568 605 1659 ipsi
632 1568 871 1661 inquisitores,
900 1592 935 1639 se
959 1576 1076 1638 autem
1102 1569 1237 1638 novisse

119 1698 201 1747 eum
219 1674 321 1744 aliter
343 1673 469 1743 sentire
489 1697 528 1742 ac
548 1673 690 1757 diceret;
713 1674 778 1744 sibi
799 1686 1000 1768 suspectum
1018 1678 1126 1745 fuisse
1145 1676 1239 1768 quod

119 1782 402 1874 archiepiscopus
428 1780 523 1850 idem
551 1781 716 1850 dixisset:
746 1782 781 1849 id
811 1784 906 1851 enim
932 1806 1012 1851 cnm
1037 1782 1237 1852 marchione

119 1888 352 1982 compositum
369 1887 481 1956 videri
496 1894 536 1956 ut
548 1887 615 1956 sibi
633 1886 733 1979 plura
748 1888 913 1958 elicerent
923 1900 945 1958 ⁸.
966 1891 1159 1959 Praesertim
1175 1891 1238 1958 sub

119 1999 228 2066 linem
246 1996 326 2065 anni
342 1997 440 2078 1565,
458 1995 618 2063 nonnulli
639 1994 736 2062 iilam
751 1997 942 2064 amicitiam
961 2019 1052 2089 agre
1067 1997 1235 2081 ferebant,

119 2104 213 2197 quod
236 2104 310 2195 jam
329 2101 483 2171 marchio
503 2111 701 2194 suspectum
722 2103 939 2196 colloquium
961 2128 1042 2172 cum
1060 2104 1238 2173 Ludovico

119 2210 288 2280 Nassavio
328 2210 437 2302 Aquis
471 2209 703 2278 heriensibus
735 2211 885 2295 iecisset,
917 2211 1011 2302 quod
1038 2211 1075 2278 in
1105 2213 1239 2303 nuptiis

119 2319 284 2389 Antoniae
303 2316 485 2386 celebratis
505 2323 728 2386 conversatus
745 2323 835 2387 esset
850 2340 930 2386 cum
944 2317 1134 2402 nobilibus,
1151 2340 1240 2410 quos

121 2426 196 2518 ipse
215 2424 475 2496 Maximiiianus
489 2424 663 2493 inusitatis
679 2424 788 2516 signis
811 2448 893 2494 usos
914 2448 988 2495 esse
1013 2424 1098 2495 dicit
1110 2423 1132 2505 ⁴,
1148 2426 1240 2518 quod

121 2532 274 2625 denique
288 2530 460 2601 nobilium
469 2530 592 2600 ioederi
603 2531 849 2624 nomenssuum
865 2533 1136 2625 subscripsisset.

166 2640 221 2710 lta
248 2639 291 2708 de
318 2638 422 2708 rebus
450 2637 600 2732 publicis
631 2661 711 2707 cnm
743 2639 944 2709 marchione
976 2640 1239 2710 Maximilianus

121 2747 370 2825 consentiebat,
401 2752 452 2829 ut,
486 2768 566 2815 cum
591 2746 745 2815 marchio
770 2771 791 2815 a
817 2747 973 2841 Philippi
1004 2749 1175 2818 ministris
1205 2770 1241 2817 se

119 2856 234 2948 magis
242 2859 422 2938 averteret,
431 2859 508 2922 tum
518 2852 893 2946 Maximilianusmagis
903 2857 1007 2925 etiam
1018 2855 1241 2925 concordiam

121 2963 410 3054 clementiamque
439 2961 607 3030 laudaret.
635 2961 745 3044 Tunc,
775 2963 924 3053 acceptis
952 2962 1106 3055 Philippi
1137 2962 1242 3053 Regis

120 3070 249 3140 litteris
267 3069 423 3161 Segovia
436 3068 585 3160 scriptis,
603 3068 756 3137 marchio
777 3093 797 3138 a
816 3071 889 3137 suis
911 3070 1115 3138 muneribus
1138 3068 1242 3138 abdi-

120 3201 199 3248 care
214 3200 250 3246 se
267 3177 389 3259 voluit,
405 3197 449 3245 ne
470 3175 507 3243 in
527 3175 709 3244 haereticos
729 3175 865 3245 decreta
884 3177 957 3268 ipse
977 3183 1238 3270 exsequeretur:

120 3288 200 3379 ejus
214 3290 331 3353 autem
344 3283 595 3353 abdicationem
612 3282 794 3375 Margarita
808 3283 931 3352 abnuit
956 3283 1025 3374 (die
1045 3286 1084 3351 21
1109 3283 1241 3351 mensis

119 3391 275 3488 januarii
289 3392 389 3483 1566)
405 3396 439 3459 et
452 3391 495 3459 ab
506 3413 547 3459 eo
561 3390 660 3482 petiit
671 3398 711 3459 ut
725 3414 789 3460 sua
805 3412 950 3459 munera
966 3390 1242 3475 servaret,donec

122 3503 160 3571 in
184 3499 347 3590 Belgium
371 3498 445 3566 Rex
467 3497 601 3566 veniret
624 3498 647 3565 ⁶.
673 3496 754 3585 Sed,
768 3496 1063 3589 quemadmodum
1086 3496 1242 3566 marchio

123 3618 209 3678 tunc
222 3605 372 3675 Bredam
386 3603 430 3672 ad
444 3603 664 3697 colloquium
674 3626 755 3672 cum
767 3601 912 3672 Nicolao
925 3604 1048 3684 ilame,
1065 3604 1241 3697 praecipuo

123 3709 376 3807 conjurationis
402 3715 556 3793 auctore,
582 3711 760 3792 llornano,
788 3709 943 3802 Megano‚
974 3711 1237 3785 Hochstratano.

123 3818 386 3909 Culemburgio‚
408 3816 591 3901 Montinio‚
612 3817 911 3910 nobilissimisque
931 3816 1043 3907 Belgii
1058 3817 1142 3886 viris
1156 3839 1240 3886 con·

154 3992 179 4045 ¹.
197 3991 323 4054 corrup.
339 3987 372 4037 de
387 3985 535 4048 Gronrelle,
550 3986 571 4049 1,
583 4000 610 4052 p.
623 3986 664 4040 64.

150 4082 177 4135 2
192 4079 262 4132 rua.

152 4169 181 4224 3.
200 4167 269 4221 nto.
285 4169 306 4231 l,
319 4181 346 4233 p.
359 4166 448 4219 iii-46.

154 4270 180 4321 ⁴.
197 4268 308 4334 Papiam
323 4256 421 4327 chuc,
435 4264 481 4328 lx,
495 4279 520 4329 p.
535 4262 591 4316 662.

151 4369 176 4420 b.
195 4367 269 4420 Gerr.
283 4366 317 4419 de
331 4363 454 4430 Philipps
468 4364 504 4426 li,
518 4367 537 4414 t.
551 4362 571 4427 l,
586 4376 612 4428 p.
627 4361 675 4416 ³⁹⁴
688 4364 715 4415 at
729 4366 748 4414 t.
759 4363 796 4418 II.
808 4375 836 4427 p.
849 4360 905 4413 582.
921 4368 926 4428 t
