2988 5078
510 1111 657 1190 CAPUT
686 1102 864 1193 PRIMUM

440 1456 486 1540 os
505 1475 747 1537 naxmnnno
766 1479 790 1533 a
810 1477 936 1536 anneis

497 1791 529 1853 l.
555 1785 607 1854 Dr
635 1807 711 1854 nius
739 1807 873 1854 emund.

169 2019 290 2088 Primo
308 2019 524 2088 considerare
550 2019 636 2087 libet
662 2022 832 2111 quatenus
849 2025 881 2087 et
908 2041 1085 2088 summum
1111 2017 1242 2106 locum,

126 2150 233 2220 quem
259 2126 297 2195 in
321 2127 468 2197 ecclesia
495 2125 656 2211 obtinuit,
689 2131 733 2200 ct,
765 2126 893 2195 omissa
924 2127 1028 2195 etiam
1057 2124 1243 2220 episcopali

126 2233 307 2327 dignitate,
324 2234 478 2326 aliquam
490 2234 527 2302 in
541 2233 644 2303 rebus
672 2233 822 2326 publicis
842 2234 1083 2304 auctoritatem
1104 2237 1243 2326 generis

125 2341 420 2410 commendationi
435 2340 604 2410 debuerit.
1284 2361 1285 2364 ’

167 2450 321 2542 Antiqua
333 2472 372 2517 ac
383 2448 495 2517 nobili
523 2448 734 2516 brabantina
760 2455 862 2540 gente
888 2454 992 2518 natus
1022 2458 1084 2532 est,
1117 2473 1195 2542 quae
1223 2474 1243 2520 a

124 2558 240 2626 medio
269 2578 342 2625 aevo
373 2555 572 2626 comitivam
605 2555 809 2647 dignitatem
843 2556 1002 2627 obtinuit.
1039 2558 1242 2650 Glymenses

123 2666 217 2734 euim
229 2665 352 2757 perdiu
366 2686 521 2733 summos
534 2664 684 2732 honores
699 2663 815 2755 adepti
831 2671 912 2732 sunt
928 2690 935 2731 :
952 2665 1010 2732 alii
1021 2666 1241 2735 marchiones
1274 2718 1276 2721 ·

122 2779 182 2842 aut
193 2772 367 2865 principes
391 2773 501 2852 fuere,
532 2769 591 2838 alii
618 2770 869 2863 archiepiscopi
895 2778 955 2841 aut
983 2773 1120 2843 velleris
1144 2775 1240 2842 aurei

122 2880 267 2974 equites,
278 2878 337 2946 alii
349 2879 452 2947 etiam
469 2878 512 2946 ad
527 2900 693 2968 magnum
711 2877 901 2947 concilium
916 2878 1167 2950 Mechliniense
1180 2888 1241 2965 aut

102 2989 302 3057 ¹Privatum
316 2985 502 3054 concilium
523 2984 682 3062 admissi;
701 2985 782 3053 filiae
810 3009 947 3078 quoque
971 2986 1009 3055 in
1031 2989 1240 3057 monasteria
1351 3065 1354 3071 .

121 3095 174 3163 vel
214 3093 437 3163 nobilissima
478 3099 511 3161 et
550 3091 646 3161 aditu
690 3091 898 3161 difficillima
932 3100 1100 3187 cooptatae
1142 3102 1235 3167 sunt.

121 3203 300 3271 lohannes
320 3200 359 3278 V,
379 3199 550 3269 Labiosus
572 3200 695 3282 dictus,
727 3205 808 3269 voto
836 3201 1002 3270 Phasiani
1031 3225 1122 3270 anno
1151 3206 1236 3273 lt53

121 3310 277 3379 interfuit
289 3311 311 3378 ¹.
327 3306 585 3378 Maximilianus
596 3307 669 3399 ipse
678 3307 795 3400 aliqua
807 3309 843 3377 in
853 3315 948 3400 parte
959 3315 1098 3401 propter
1109 3310 1239 3379 nobili-

120 3423 226 3487 tatem
254 3438 432 3486 summum
462 3415 499 3482 in
526 3414 645 3507 Belgio
668 3420 701 3484 et
734 3415 919 3485 Germania
950 3416 1068 3487 locum
1092 3420 1234 3512 accepit,

119 3523 379 3618 primoscilicet
407 3525 665 3616 episcopatum
696 3529 729 3593 et
757 3524 949 3618 capitulum
975 3524 1234 3613 cameracense,

121 3657 201 3702 cum
215 3629 397 3702 electionis
408 3629 637 3701 Maximiliani
653 3654 772 3701 causas
782 3639 982 3725 exponeret,
998 3656 1127 3704 nomen
1141 3635 1237 3707 Hen-

120 3740 181 3810 rici
197 3764 218 3809 a
232 3739 354 3832 Bergis
369 3738 585 3819 memoravit,
613 3763 632 3807 a
651 3739 799 3832 piissimi
819 3741 990 3832 praesuliS,
1015 3744 1093 3834 ejus
1106 3746 1232 3836 patrui,

121 3849 178 3941 qui
206 3846 362 3918 ecclesie
389 3846 629 3915 Cameracensi
658 3846 736 3940 plus
768 3848 885 3918 minus
913 3849 1106 3921 octodecim
1135 3856 1235 3924 annis

121 3955 332 4026 faustissime
348 3954 485 4047 praefuit
498 3951 521 4025 ¹.
542 3979 560 4022 »
577 3954 711 4046 Saepius
731 3954 880 4046 dignitas
904 3958 1111 4052 episcopalis
1126 3962 1234 4032 Maxi·

151 4162 173 4215 l.
188 4164 334 4224 Garunna,
350 4161 535 4214 Dictioanatrae
547 4159 736 4229 adnectentem
749 4165 775 4214 et
785 4162 941 4230 hercldtque
955 4163 1001 4216 dec
1013 4165 1132 4231 [amittes
1146 4167 1236 4220 nobles

122 4245 156 4293 du
165 4258 293 4310 raycume
304 4244 336 4293 de
350 4242 483 4309 Belqiqum
498 4241 531 4305 ll,
544 4242 576 4293 dc
588 4242 703 4307 Glymea·

150 4344 173 4395 2.
186 4342 261 4395 biber
272 4342 404 4393 secundus
417 4340 557 4392 titulorum
573 4340 687 4393 ecclesie
706 4342 910 4421 Cameracensis,
928 4345 1007 4397 areb.
1022 4346 1081 4408 dep.
1099 4346 1133 4395 du
1152 4345 1247 4421 Nord„

123 4422 194 4477 londa
207 4425 240 4476 de
253 4424 280 4474 lc
292 4422 453 4483 cathedrale,
467 4422 523 4483 221,
538 4437 564 4487 p.
579 4421 661 4474 'lb-76.
