2988 5078
283 465 425 517 QUOMODO
446 465 484 508 ΑΙ)
506 464 804 513 Anenlnrrscornrun
823 464 998 508 PROVEGTUS
1021 465 1066 508 SIT
1193 449 1231 508 63

112 609 189 691 1661,
208 631 273 675 660
299 613 382 674 1660
408 608 532 677 661161
564 609 676 676 16666
706 631 746 676 60
777 611 970 697 temporea
1000 605 1232 675 Granvellano

112 714 372 783 Maximilranus
398 715 536 804 petebat
559 721 600 783 ut
627 715 694 807 ipsi
710 714 752 782 de
781 713 993 782 monasterio
1022 714 1233 783 Valcellensi

112 843 258 914 operam
278 820 388 900 daret,
408 843 473 889 660
494 827 578 889 1660
601 821 772 890 dubitavit
793 819 1041 889 modestiorem
1057 844 1092 888 se
1113 843 1231 913 gerere

113 951 220 1022 quam
236 928 350 1020 reipsa
362 928 439 995 iuit.

154 1035 418 1105 Maximilianus
432 1035 573 1128 quidem
592 1058 664 1104 non
686 1040 801 1128 aperte
818 1037 932 1105 166666
958 1039 1093 1127 poterat
1113 1037 1232 1104 civita-

111 1143 206 1211 tibus
220 1166 298 1233 quac
310 1165 382 1211 non
400 1165 499 1233 aequo
517 1143 671 1212 animoa
689 1143 929 1212 Cameracensi
944 1145 1144 1236 episcopatu
1162 1144 1232 1212 dis-

109 1249 242 1341 juncta
264 1255 356 1319 sunt.
383 1250 646 1341 Antverpiensis
671 1255 809 1318 senatus
832 1251 1025 1342 Margaritae
1047 1252 1232 1341 scripserat

112 1358 205 1426 cives
233 1360 440 1448 exterasque
467 1362 676 1425 mercatores
709 1380 912 1448 persuasum
941 1359 1069 1426 habere
1099 1380 1230 1426 novum

111 1465 312 1556 Antverpiae
339 1465 541 1556 episcopum
563 1463 764 1532 institutum
774 1486 847 1532 esse
863 1470 999 1533 tantum
1013 1473 1052 1532 61
1076 1464 1232 1556 Inquisi-

113 1572 201 1639 tioni
218 1570 485 1661 subjicerentur,
507 1594 588 1640 oum
613 1571 765 1663 episcopi
790 1571 1046 1640 Cameracensis
1071 1571 1230 1640 officialis

112 1701 250 1769 semper
263 1677 410 1745 civitatis
421 1681 499 1767 jura
515 1701 553 1746 ac
566 1678 748 1769 privilegia
760 1678 964 1747 servavisset
977 1679 1045 1769 (die
1061 1684 1101 1749 16
1117 1702 1228 1748 mens.

112 1784 198 1853 iebr.
212 1785 332 1873 1662);
350 1790 383 1852 61
397 1785 524 1853 1666166
538 1785 722 1878 Philippus
735 1787 809 1853 Rex
824 1786 919 1853 omni
935 1800 1030 1855 metu
1046 1809 1105 1854 eos
1116 1787 1230 1855 levare

110 1890 272 1959 voluerat
284 1897 318 1960 et
340 1891 407 1960 alia
422 1893 625 1961 auctoritate
652 1916 801 1961 usurum
826 1915 899 1961 esse
919 1895 1120 1985 episcopum
1145 1894 1233 1961 Ant-

113 1999 329 2090 verpieusem
345 2010 526 2090 negaverat
542 2023 579 2067 ac
599 2000 857 2068 Cameracensis
871 2024 955 2068 usus
968 2009 1057 2069 esset
1073 2000 1095 2069 ⁵.

155 2105 317 2174 Fortasse
332 2116 452 2196 optare
468 2129 503 2174 66
518 2116 556 2173 61
573 2130 627 2175 666
647 2108 891 2200 Antverpiensi
912 2109 1045 2176 senatui
1068 2108 1231 2177 succede-

113 2223 164 2281 ret
180 2212 440 2282 Maximilianus
460 2236 531 2281 non
552 2214 634 2281 satis
651 2214 903 2296 dissimulavit;
927 2215 987 2282 sed
1013 2216 1106 2283 haud
1129 2215 1231 2284 iacile

111 2318 289 2388 bullarum
313 2327 446 2411 partem
473 2320 623 2388 rescindi
655 2343 756 2411 posse
788 2344 859 2389 non
886 2320 1079 2412 ignorabat.
1109 2322 1229 2413 Itaque

113 2449 194 2494 cum
209 2427 273 2495 sub
289 2426 395 2495 finem
410 2427 491 2496 anni
510 2429 607 2511 1661,
632 2427 909 2496 Maximilianum
934 2429 1117 2520 Margarita
1138 2451 1231 2496 com-

113 2533 307 2602 monuisset
323 2533 520 2625 pollicitum
535 2558 609 2603 6666
636 2558 717 2602 eum
741 2536 825 2627 Regi
850 2558 885 2603 se
914 2535 1016 2603 Pauli
1044 2537 1093 2605 IV
1120 2535 1228 2604 bullis

112 2663 293 2733 nunquam
304 2663 440 2709 moram
453 2641 643 2710 allaturum
656 2664 743 2722 esse,
758 2649 792 2710 et
806 2641 848 2710 ab
862 2665 902 2711 co
917 2644 1072 2734 petiisset
1095 2650 1136 2711 ut
1160 2650 1230 2711 616-

111 2747 175 2815 tim
191 2748 228 2815 in
243 2747 331 2817 locis
346 2770 459 2838 quaea
486 2748 727 2817 Cameracensi
749 2749 897 2818 60016616
918 2751 1092 2842 disjuncta
1116 2756 1231 2819 essent

111 2876 252 2923 omnem
284 2856 525 2925 auctoritatem
553 2857 779 2940 renuntiaret,
808 2880 852 2925 ne
879 2858 963 2949 quid
988 2857 1230 2949 impedimenti

109 2962 208 3029 novis
226 2962 397 3054 episcopis
411 2969 511 3043 esset,
534 2964 792 3032 Maximiliauus
820 2966 1098 3055 gubernatricem
1125 2964 1223 3045 adiit,

110 3068 212 3160 eique
228 3092 263 3136 60
281 3069 374 3139 66116
389 3072 552 3164 cuiquam
570 3071 739 3141 obsistere
754 3072 931 3162 professus
949 3078 999 3140 est
1010 3076 1034 3141 ⁸.

159 3176 247 3243 Cum
274 3181 364 3244 esset
386 3176 572 3261 Bruxellis,
594 3180 817 3260 monasteria,
836 3202 913 3271 quae
941 3178 1057 3257 bullae,
1083 3183 1223 3271 propter

112 3279 327 3361 (1616666661
337 3283 502 3373 pollicita
518 3286 830 3364 eraut,vindicavit.
841 3288 918 3354 Non
925 3286 1137 3355 modobellis
1148 3308 1229 3354 con-

112 3388 219 3457 tinuis
235 3388 514 3460 Camaracesium
528 3397 702 3460 vastatum
713 3400 796 3472 6661,
813 3394 1051 3461 verumetiam
1061 3416 1225 3484 maguam

111 3518 180 3563 surr
196 3495 352 3565 60016616
370 3498 500 3566 1660166
515 3504 647 3589 partem
661 3501 918 3568 Maximiiianus
933 3501 1105 3570 amiserat.
1122 3501 1227 3568 Sem-

111 3624 170 3693 per
184 3603 367 3694 Margarita
382 3605 524 3695 agnovit
539 3628 644 3695 quam
664 3607 788 3675 merito
813 3607 1024 3675 monasteria
1046 3606 1106 3674 1116
1133 3629 1227 3698 repe-

110 3713 216 3776 teret:
234 3710 294 3778 sed
311 3709 483 3780 difficilius
501 3720 576 3781 crat
599 3713 651 3781 illi
675 3715 884 3782 satisfacere.
915 3716 993 3782 Jam
1023 3736 1113 3781 anuo
1140 3717 1225 3783 1669

111 3814 360 3884 Grauvcllauus
390 3818 668 3889 Maximilianum
703 3821 789 3911 Regi
822 3820 1124 3889 commendaverat
1146 3828 1168 3900 ⁴,
1195 3828 1228 3888 et

139 4003 163 4053 1.
175 4003 294 4069 Corrccp.
306 4004 340 4054 de
351 4006 498 4069 Granoelte,
516 4007 547 4069 11,
561 4023 586 4071 p.
603 4008 615 4056 1
632 4010 710 4073 (diet
724 4009 820 4058 mamis
833 4008 949 4058 octobris
966 4008 1049 4071 1566).

137 4101 162 4152 2.
178 4101 255 4152 Gerr.
272 4103 305 4152 de
323 4103 481 4168 Morqueritc
500 4106 660 4167 d'Aotricbe,
679 4108 710 4167 11,
726 4123 752 4171 p.
770 4106 883 4167 108-109,
901 4104 1056 4167 11161119,
1080 4104 1184 4157 eor-309
1199 4107 1226 4155 et

108 4182 203 4244 passim
218 4184 244 4233 at
256 4184 276 4235 t.
289 4182 334 4245 111,
344 4198 370 4246 p.
381 4185 404 4246 1,
414 4185 438 4245 5,
449 4185 489 4237 40.
499 4186 674 4244 -Nantcna
686 4188 772 4251 111966
781 4188 814 4237 de
823 4187 946 4251 Phiiippo
954 4188 989 4247 11,
1001 4190 1023 4235 1.
1039 4185 1059 4247 Ι,
1070 4199 1098 4247 p.
1108 4185 1155 4234 243
1168 4200 1224 4249 sqq.

136 4280 162 4331 3.
176 4279 406 4345 Correrpondonce
420 4284 452 4334 de
465 4285 628 4345 Morpuerite
639 4285 802 4344 macerate,
818 4286 852 4346 11,
868 4300 896 4348 p.
911 4285 952 4336 27.

143 4379 167 4426 ⁴.
183 4379 292 4445 Papiera
305 4379 406 4443 ratae,
424 4383 453 4441 V,
469 4397 494 4445 p.
510 4382 567 4432 656.
