2968 5072
294 459 351 520 172
688 470 727 517 nn
748 469 839 515 annu
863 468 1010 515 crunnum

336 616 448 687 Petita
466 638 487 683 a
507 614 627 683 multis
641 611 743 683 venia
760 619 928 704 tanquam
944 634 1128 705 poenarum
1144 613 1257 705 quieS,
1276 637 1294 681 ‹
1310 612 1395 696 dum,

291 731 329 795 nt
366 722 474 813 Viglii
510 722 615 791 verba
654 743 877 813 usurpemus,
907 719 1146 790 criminalium
1180 743 1396 812 processuum
1469 718 1470 727 ’

291 829 428 900 nullum
444 831 550 899 linem
564 828 739 912 videbant,
754 852 792 898 ac
805 828 878 920 jam
894 829 984 898 ultra
999 834 1077 897 octo
1095 826 1209 896 millia
1223 829 1395 898 hominnm

290 938 481 1031 proscripta
503 937 727 1029 bannitaque‚
754 940 878 1028 praeter
901 959 960 1005 eos
986 937 1045 1029 qui
1069 935 1210 1027 publico
1238 935 1393 1029 supplicio

291 1045 403 1116 allecti
429 1046 618 1126 lucrant¹‚
648 1068 666 1110 a
693 1043 753 1112 sed
779 1041 1073 1136 quemadmodum
1099 1043 1395 1112 Maximilianusa

291 1152 422 1243 bergis,
440 1159 479 1220 ut
493 1150 605 1220 aiebat
620 1150 851 1229 Morillonius,
868 1155 1010 1244 propter
1024 1148 1234 1219 servandum
1250 1151 1396 1221 Montinii

290 1266 394 1353 caput
431 1259 570 1327 veniam
602 1258 813 1349 postulabat,
850 1259 897 1326 ita
930 1257 1078 1349 negabat
1115 1279 1194 1325 eam
1238 1257 1395 1342 Albanus,

290 1365 492 1449 nonnullos,
513 1371 617 1457 atquo
643 1365 852 1434 Montinium
874 1365 911 1433 in
939 1365 1059 1458 primis
1083 1365 1272 1449 intereos,
1297 1366 1399 1435 subla-

290 1481 400 1544 turus.
1239 1558 1244 1563 Ι

333 1582 453 1674 Itaque
475 1603 548 1657 non
571 1580 703 1649 interea
725 1578 928 1648 consederat
949 1582 1071 1663 terror,
1090 1601 1172 1647 cum
1192 1580 1229 1649 in
1253 1580 1400 1650 Concilio
1471 1616 1472 1645 l

290 1687 597 1779 Turbarumquod
614 1687 765 1756 maxime
781 1684 1038 1770 dominabatur,
1056 1685 1196 1755 additus
1211 1693 1263 1755 est
1277 1687 1402 1780 collega
1471 1672 1472 1703 ¹

295 1796 456 1888 Vergnsio
474 1802 507 1863 et
518 1793 696 1864 Ludovico
712 1793 769 1861 del
786 1793 851 1861 Rio
869 1793 1103 1886 Hieronymus
1118 1792 1227 1880 Roda,
1244 1795 1402 1888 hispanus

289 1926 427 1996 quoquo
453 1903 582 1979 homo;
614 1899 714 1969 caecis
739 1899 943 1968 criminibus
966 1900 1021 1969 vel
1045 1901 1244 1992 suspicione
1274 1908 1403 1971 tantum

289 2009 458 2105 implicati
473 2009 591 2101 plnres
604 2018 719 2100 alque,
734 2006 1049 2098 utpublicarentur
1063 2006 1168 2092 bona,
1186 2009 1297 2100 capite
1315 2010 1403 2078 dam·
1472 2042 1473 2121 p

291 2118 374 2186 nati.
390 2116 518 2185 Latum
532 2121 582 2184 est
597 2115 749 2198 tandem,
765 2113 821 2183 die
837 2116 856 2180 l
882 2114 1013 2183 mensis
1032 2114 1148 2182 martii
1163 2119 1250 2186 1570
1268 2116 1309 2184 ab
1331 2118 1402 2184 His-
1472 2148 1473 2163 κ

289 2224 387 2317 panis
405 2221 612 2292 consiliariis
628 2221 812 2314 judicium,
831 2243 900 2311 quo
922 2227 999 2289 tum
1015 2220 1050 2288 in
1072 2222 1315 2291 marchionem
1330 2222 1404 2292 Ber-

291 2353 446 2422 gamem,
464 2331 523 2421 qui
543 2330 617 2421 jam
642 2328 769 2398 abhinc
795 2328 906 2397 tribus
927 2326 1028 2397 annis
1052 2334 1213 2398 mortuus
1233 2337 1320 2415 erat,
1337 2331 1403 2401 ani·

289 2428 578 2519 madvertebatur‚
596 2444 672 2507 tum
687 2436 723 2503 in
736 2435 957 2520 Memmium,
972 2434 1085 2504 adhuc
1101 2435 1262 2530 Segoviae
1275 2460 1402 2508 carcere

290 2543 477 2627 inclusum,
490 2542 625 2613 itineris
639 2541 724 2611 olim
739 2541 901 2611 comitem
915 2542 937 2610 ¹.

291 2646 294 2653 ’
334 2652 466 2720 lnlecta
477 2657 594 2719 tamen
608 2673 744 2742 semper
758 2650 800 2719 de
813 2649 956 2718 decimae
969 2650 1099 2719 tributo
1114 2674 1170 2720 ras
1186 2659 1273 2723 erat.

261 2808 264 2815 ·
292 2752 296 2760 ’
334 2759 514 2827 Debellato
529 2757 680 2850 Orangio
702 2762 737 2825 el
756 2758 793 2825 in
809 2756 960 2826 Galliam
974 2779 1143 2849 regresso,
1160 2765 1242 2852 post
1257 2761 1404 2831 reditum

289 2860 434 2935 victoria
463 2865 638 2935 exsultans
667 2865 824 2933 Albanus
847 2886 925 2932 eam
947 2864 1015 2932 sibi
1041 2865 1205 2957 opinatus
1231 2878 1306 2938 erat
1335 2871 1402 2938 lore

290 2975 528 3065 auctoritatem
542 2978 593 3055 ut,
611 2994 681 3040 non
697 2971 875 3040 resistente
892 2970 1079 3063 provincia,
1092 2974 1263 3043 tributum
1277 2999 1403 3045 novum

290 3087 502 3176 imponeret:
529 3102 596 3170 quo
628 3102 699 3147 non
725 3078 945 3147 solummodo
971 3079 1142 3148 solvenda
1181 3083 1350 3175 impensae
1372 3086 1404 3151 in

290 3192 409 3281 Belgio
418 3190 528 3266 laotae,
538 3186 594 3254 sed
608 3184 713 3254 etiam
723 3183 918 3274 colligenda
926 3187 1074 3277 pecunia
1083 3209 1190 3276 qnmn
1200 3189 1238 3256 in
1248 3191 1405 3260 futurum

290 3300 480 3390 seponeret.
494 3295 543 3362 Ea
558 3314 648 3361 nova
659 3291 779 3360 tributi
794 3292 882 3360 ratio
896 3298 982 3374 erat,
993 3317 1012 3358 s
1025 3297 1066 3359 ut
1078 3316 1196 3363 rerum
1208 3298 1403 3380 mobilium,

291 3404 449 3496 quotiens
486 3399 730 3481 venderentur,
745 3458 748 3465 .
764 3397 910 3479 decima,
938 3399 1176 3469 immobilium
1211 3404 1402 3495 vigesima;

290 3511 448 3583 omnium
463 3531 545 3576 vero
559 3505 742 3575 centesima
759 3506 865 3573 semel
879 3528 899 3573 a
913 3505 1030 3595 Belgis
1045 3507 1255 3598 penderetur
1270 3511 1292 3580 ³.
1310 3536 1328 3578 t
1342 3512 1404 3582 Sed

292 3617 438 3689 Ordines
453 3614 632 3708 generales
646 3612 689 3682 ob
702 3613 791 3680 hanc
805 3635 944 3680 causam
959 3619 1167 3683 convocatos
1182 3616 1230 3684 ita
1245 3618 1407 3688 adversa-

290 3727 361 3793 rios
374 3725 531 3792 Albanus
546 3720 680 3803 habuit,
697 3724 748 3804 nt,
773 3742 853 3788 cnm
872 3718 960 3787 nibil
981 3743 1024 3787 ex
1045 3721 1088 3789 iis
1108 3722 1291 3809 obtineret,
1310 3726 1353 3797 de
1374 3750 1406 3795 re

294 3854 373 3901 cum
403 3830 663 3924 provinciarum
688 3826 840 3896 Statibns
869 3849 970 3916 agere
1000 3808 1140 3898 doactus
1168 3832 1284 3901 luerit.
1311 3833 1407 3902 Haud

293 3938 405 4030 magis
418 3937 584 4006 successit
597 3936 735 4026 incepta
752 3956 820 4013 res,
839 3937 942 4027 atque
958 3933 1036 4003 ideo
1051 3940 1136 4004 tunc
1152 3938 1326 4030 neglecta,
1344 3963 1408 4009 non

322 4192 345 4242 1.
358 4189 478 4248 Horncn,
489 4200 516 4251 p.
531 4183 588 4236 547.

323 4289 348 4340 2.
365 4287 439 4337 Corr.
450 4284 482 4335 de
492 4280 621 4346 Philippa
634 4279 670 4341 11,
681 4283 700 4330 t.
713 4279 745 4330 ll.
758 4295 784 4345 p.
800 4279 855 4331 123.

323 4386 347 4436 3.
359 4385 477 4444 Senem,
492 4396 519 4446 p.
535 4376 591 4429 380·
