2958 5076
248 394 288 454 48
592 408 630 452 nr
651 408 852 455 mxmnuuo
874 411 892 453 A
914 409 1019 454 runcis

249 554 398 620 litanum
411 557 445 621 et
458 574 520 643 per
535 550 754 620 occasionem
765 634 767 637 ι
780 552 963 621 certiorem
991 552 1122 620 lactum
1150 573 1225 620 esse
1253 576 1358 644 eoque

248 658 552 751 modoutrumque
578 658 709 726 indicta
733 681 836 727 causa
863 659 1066 728 damnatum
1081 664 1102 727 ¹.
1132 683 1151 726 ›
1177 658 1274 727 Idem
1299 660 1359 726 Pio

184 758 188 765 ’
247 789 345 859 papae
360 765 408 835 lv
424 764 585 833 libellum
598 765 639 834 dc
655 765 786 858 injuria
801 767 963 834 Remensi
979 765 1134 835 ecclesiae
1148 765 1246 835 illata
1262 767 1359 836 obtu-

248 873 303 957 lit,
319 872 379 942 sed
394 872 533 940 frustra.
557 871 816 941 Maximilianus
839 878 966 952 autem,
988 878 1067 964 post
1088 872 1264 965 synodum
1282 895 1359 942 cum

248 981 446 1048 etiamtum
461 1001 505 1047 uc
518 979 702 1047 cardinalis
720 1003 775 1048 res
791 984 961 1072 repeteret
976 980 1125 1064 timeret,
1142 1004 1162 1047 a
1178 980 1360 1071 Margarita

247 1088 347 1179 petiit
366 1092 405 1156 ut
425 1110 486 1178 per
505 1087 724 1156 occasionem
745 1110 780 1155 se
804 1093 837 1154 et
863 1086 1065 1180 episcopum
1084 1087 1358 1169 Atrebatcnsem

247 1217 333 1287 quos
360 1194 545 1262 cardinalis
562 1198 785 1262 contumaces
809 1193 1068 1277 declaravisset,
1089 1193 1183 1285 quod
1198 1193 1242 1261 ad
1262 1216 1359 1285 syno-

247 1300 332 1370 dum
345 1324 417 1370 non
433 1302 620 1384 venissent,
636 1300 677 1369 ab
693 1299 754 1369 illo
770 1300 971 1370 defenderet
982 1303 1004 1368 ⁸.

292 1407 449 1500 Septimo
463 1408 569 1475 etiam
586 1406 720 1485 decimo
734 1407 875 1490 sarculo,
887 1431 968 1477 cum
982 1408 1210 1476 Camaracum
1220 1408 1359 1477 Gallica
1467 1418 1468 1505 j

248 1516 395 1585 dicionis
420 1515 498 1598 luit,
526 1515 671 1583 Carolus
707 1515 888 1584 Mauritius
911 1514 959 1583 Le
1000 1514 1136 1596 Tellier,
1181 1514 1361 1583 Remensis

247 1623 538 1716 archiepiscopus,
551 1623 705 1713 speravit
718 1622 792 1689 iore
807 1628 846 1690 ut
858 1623 934 1691 Rex
948 1619 1146 1690 Ludovicus
1155 1621 1273 1700 urbes,
1290 1645 1362 1713 quaa
1467 1612 1468 1685 ἶ

241 1729 370 1822 jugum
390 1727 639 1822 archiepiscopi
657 1730 838 1797 Remensis
858 1730 1103 1813 excussissent,
1122 1729 1271 1820 jamjam
1290 1753 1311 1798 a
1330 1752 1363 1797 se

248 1837 397 1906 domitas
430 1835 474 1903 ad
507 1835 661 1903 officinm
693 1859 772 1927 erga
802 1835 987 1906 ecclesiam
1023 1838 1231 1905 Remcnsem
1265 1859 1363 1904 suam

247 1950 395 2013 matrem
411 1949 598 2011 revocaret.
616 1943 713 2011 Tunc
730 1943 824 2011 enim
839 1966 909 2011 non
925 1944 999 2035 jam
1022 1943 1113 2012 iuter
1134 1953 1313 2012 externam
1328 1966 1364 2011 ac

249 2050 422 2120 Gallicam
434 2049 631 2133 ecclesiam,
647 2049 706 2118 sad
721 2055 857 2118 tantum
877 2050 967 2119 inter
987 2050 1072 2119 duas
1089 2050 1241 2120 Gallicas
1257 2049 1365 2119 eccle·

248 2158 316 2226 sias
340 2158 575 2226 controversia
588 2157 790 2226 eratSexto
815 2163 930 2226 autem
957 2156 1092 2227 decimo
1114 2157 1243 2226 sacculo
1260 2157 1366 2249 (quod

247 2264 295 2333 Lo
312 2263 440 2332 Tellier
457 2265 531 2356 ipsa
550 2263 768 2333 Ludovicum
787 2263 1025 2356 admonebat),
1049 2264 1262 2356 peritissime
1287 2265 1366 2332 Phi·

248 2372 364 2464 lippus
379 2370 586 2462 religionem
604 2372 647 2438 ad
663 2393 764 2439 suam
791 2372 1033 2440 auctoritatem
1053 2373 1262 2441 firmandam
1288 2394 1367 2440 con·

249 2482 399 2546 verterat
413 2500 610 2570 novamque
625 2477 778 2568 Belgicae
791 2478 948 2548 ecclesiae
963 2479 1250 2548 constitutionem
1266 2478 1367 2547 dede·

248 2590 313 2664 rat,
329 2585 1367 2677 utexcussumaRcmensisecclesiaejurisdictioneBelgium
1468 2592 1469 2649 ἶ

249 2692 385 2760 facilius
400 2692 664 2761 oblivisceretur
681 2715 717 2761 se
735 2694 820 2761 olim
840 2692 964 2762 Gallia
981 2699 1114 2785 partem
1133 2693 1240 2760 luisse
1253 2699 1287 2761 et
1305 2691 1367 2760 sub

250 2800 425 2892 Hispania
442 2797 578 2867 dicione
594 2799 748 2868 strictius
764 2804 854 2869 esset
865 2798 886 2868 ⁸.
909 2798 1147 2892 Attamcnjus
1167 2800 1368 2892 metropolis

250 2905 407 2975 ecclesiae
428 2906 672 2974 Cameracensi
696 2907 821 2975 litteris
838 2906 1025 3001 pontificiis
1049 2906 1231 2991 collatum,
1259 2929 1368 2999 usque

250 3013 293 3082 ad
308 3015 413 3108 hujus
429 3012 549 3082 saeculi
561 3013 715 3097 initium,
732 3015 903 3083 intactum
920 3015 1098 3084 remansit.

250 3312 266 3365 5
281 3235 305 3287 1.
322 3236 420 3299 haar,
432 3236 621 3289 sacrosancta
633 3235 762 3297 Concilio,
777 3237 831 3299 XV,
842 3251 868 3302 p.
880 3237 985 3290 molas
998 3240 1025 3290 et
1040 3236 1132 3289 Gallia
1144 3235 1311 3297 Christiano,
1322 3235 1367 3296 ΙΙΙ,

267 3316 332 3369 lac.

281 3415 306 3465 2.
324 3415 450 3466 Archives
464 3417 499 3466 du
511 3416 644 3479 Royaume
657 3415 692 3497 ria
705 3413 841 3479 Belgicae,
849 3415 1056 3484 Pcpterrd'Etut
1067 3420 1093 3466 el
1105 3417 1137 3467 dc
1147 3414 1367 3476 l'Audtence‚vol.

251 3494 307 3556 238,
323 3510 349 3558 p.
367 3495 405 3546 10.

283 3592 308 3644 3.
326 3595 503 3645 Proteetation
516 3596 547 3644 dc
561 3594 679 3644 Maurice
691 3595 724 3644 Le
732 3593 835 3657 Tellier,
851 3599 900 3647 etc.
