2968 5072
246 472 305 537 170
646 494 685 541 ou
706 493 798 541 vanu
819 491 966 540 cmumu

245 635 464 728 exceptiones
478 659 585 729 quam
606 636 775 731 plurimas
794 637 932 708 veniam
953 634 1166 705 inefficacem
1190 635 1370 704 facturas.

246 743 407 837 Hoppero
424 749 545 814 tamen
574 745 629 814 die
651 748 694 817 25
721 745 850 814 mensis
877 744 969 837 junii
1001 741 1135 834 Viglius
1162 741 1370 835 respondit:
1473 824 1474 851 χ

246 873 266 917 ‹
290 850 365 919 Nisi
380 851 666 933 intercessissem,
682 851 785 944 longe
811 851 1003 919 restrictior
1016 872 1058 919 ea
1071 848 1226 918 formula
1239 850 1371 919 fuisset
1473 872 1474 899 ¹

246 980 354 1050 quam
368 956 631 1028 Illustrissimus
645 958 744 1028 Albae
759 961 838 1027 Dux
849 958 966 1035 misit;
982 958 1042 1049 qui
1055 963 1172 1053 autem
1193 957 1261 1025 ista
1272 979 1370 1025 con-

246 1064 325 1134 silia
355 1071 548 1158 suggerunt
575 1071 744 1158 perpetuo
778 1064 941 1134 videntur
974 1063 1063 1133 velle
1100 1062 1233 1132 habere
1273 1063 1369 1155 quod
1473 1060 1474 1103 3

246 1177 363 1264 agant,
390 1173 731 1266 promissionemque
760 1171 879 1264 Regiae
905 1170 1094 1263 Maiestatis
1122 1176 1157 1239 et
1182 1192 1289 1260 quam
1326 1169 1369 1239 de
1473 1226 1474 1267 ἶ

246 1280 324 1370 ojus
352 1278 539 1349 clementia
562 1279 765 1373 opinionem
790 1301 830 1347 ao
855 1301 955 1371 spem
980 1300 1103 1347 omnes
1135 1282 1369 1369 conceperant

246 1384 466 1456 subvertunt.
493 1411 512 1454 »
538 1385 709 1479 Sperabat
735 1387 829 1455 enim
858 1384 1000 1477 Viglius
1033 1406 1174 1476 operam
1205 1384 1370 1453 daturum

246 1513 364 1584 regem
378 1515 422 1561 ne
445 1498 517 1561 tam
544 1515 647 1584 parce
674 1499 709 1562 et
738 1493 894 1561 restricte
923 1493 1026 1562 venia
1054 1490 1318 1569 concederetur,
1337 1497 1371 1559 et

247 1597 417 1668 addebat:
435 1599 561 1669 «Bene
576 1599 681 1670 babet
696 1598 789 1690 quod
804 1600 897 1669 Deus
912 1598 1000 1690 Regi
1020 1599 1058 1667 in
1079 1602 1234 1667 mentem
1259 1598 1366 1681 misit,

246 1710 286 1774 ut
313 1703 487 1796 majorum
513 1729 659 1777 suorum
687 1705 846 1799 exempla
886 1705 1095 1797 inquirenda
1139 1704 1302 1783 duxerit;
1335 1711 1369 1774 et

247 1834 329 1882 sane
342 1813 380 1881 in
393 1811 548 1882 historiis
563 1813 751 1907 hispanicis
769 1813 930 1905 quaedam
952 1812 1037 1882 olim
1060 1812 1130 1903 legi
1153 1835 1232 1904 quse
1255 1813 1368 1883 multo

246 1919 435 2010 benignius
475 1919 675 2013 exemplum
705 1921 908 2013 praeterunt,
934 1943 1040 2012 quam
1066 1920 1102 1987 in
1132 1920 1282 1989 miseros
1310 1921 1369 1989 hio

247 2027 373 2119 Belgas
386 2033 591 2097 exercetur.
618 2026 821 2120 ›Gayasius
834 2050 929 2105 vero,
951 2028 1011 2118 qui
1034 2027 1075 2095 ab
1096 2026 1256 2118 epistolis
1281 2033 1366 2103 erat,
1473 2044 1474 2063 l

247 2134 381 2205 Albano
399 2135 536 2227 scripsit
550 2135 587 2204 in
608 2134 763 2204 Concilio
785 2136 903 2204 Status
929 2134 1159 2204 deliberatum
1183 2135 1296 2203 luisse
1330 2157 1370 2204 ea

247 2263 414 2334 quaerere,
441 2248 630 2335 antequam
658 2241 829 2312 devonia
856 2242 1012 2335 generali
1038 2248 1262 2323 statueretur,
1292 2264 1368 2334 que
1473 2250 1474 2325 l

248 2349 379 2420 fuerint
396 2349 486 2419 iacta
512 2355 667 2444 tempore
696 2349 907 2419 seditionum
936 2349 1062 2440 quibus
1093 2349 1180 2418 olim
1196 2350 1366 2434 castella,
1473 2376 1474 2379 ¹

249 2457 411 2526 Navarrae
439 2456 678 2551 Valentiaeque
715 2457 870 2527 civitates
912 2456 1060 2526 turbatae
1101 2463 1224 2526 erant‘.
1255 2457 1368 2540 Quam

248 2562 424 2633 Bruxellis
461 2571 665 2656 acceperant
699 2564 889 2634 formulam
922 2564 1155 2633 nihilominus
1192 2564 1368 2634 mitiorem

246 2669 449 2764 judicabant
476 2670 536 2761 qui
566 2694 584 2739 e
606 2670 813 2741 consiliariis
828 2672 973 2765 Hispani
988 2677 1097 2741 erant.
1124 2671 1250 2764 Itaque
1279 2693 1366 2751 eam,
1473 2680 1474 2729 Τ

250 2777 447 2846 absentibus
461 2779 623 2870 Hoppero
647 2785 682 2847 et
702 2780 863 2865 Tisnaoo‚
886 2786 1111 2849 mutaverunt
1129 2802 1191 2871 per
1212 2779 1368 2850 libellum
1473 2852 1474 2879 ¹

250 2907 354 2978 quem
369 2907 430 2954 rex
446 2884 581 2954 Albano
597 2886 713 2964 misit;
730 2887 835 2955 simul
856 2891 1069 2980 praeceptum
1094 2892 1168 2956 erat
1179 2895 1219 2955 ut
1236 2887 1318 2957 Dux
1336 2886 1369 2956 id
1473 2892 1474 2917 ¹

250 2993 418 3085 scriptum
449 3016 530 3060 oum
554 2992 639 3061 viris
661 3017 681 3062 a
702 3016 739 3062 se
758 2992 901 3064 delectis
925 2992 1166 3085 perpenderet,
1202 3017 1366 3090 moxque,

251 3100 460 3169 examinatis
501 3100 650 3192 singulis
686 3101 802 3186 rebus,
844 3102 881 3169 in
918 3101 1122 3193 Hispaniam
1162 3102 1366 3173 remitteret.
1473 3090 1474 3099 ἵ

251 3207 438 3300 Adjectum
463 3230 484 3277 a
511 3206 675 3300 Philippo
702 3210 903 3300 Hopperum
930 3213 965 3276 et
984 3208 1174 3278 Ti'snacum
1201 3209 1256 3277 rei
1298 3231 1369 3280 esse

250 3315 390 3407 ignaros
407 3336 472 3383 neo
483 3336 543 3382 eos
556 3312 652 3383 aliud
665 3314 752 3385 scire
766 3314 834 3384 nisi
846 3314 985 3385 veniam
1000 3314 1145 3384 dilatam
1156 3316 1256 3387 esse‘.

296 3420 397 3490 Haud
407 3425 526 3490 tamen
536 3443 721 3514 suppressa
728 3422 780 3491 rei
792 3421 895 3491 fama.
909 3422 989 3491 Dux
1002 3423 1096 3490 enim
1106 3421 1265 3493 Albanus
1279 3423 1366 3517 apud

254 3528 438 3620 Cayasium
446 3528 603 3620 queritur
616 3530 751 3620 regiam
769 3527 811 3599 de
825 3529 929 3598 venia
949 3527 1133 3621 epistolam
1151 3552 1214 3621 per
1237 3531 1368 3601 litteras
1473 3550 1474 3577 ³

253 3633 435 3726 cujusdam
451 3634 585 3719 scribae,
605 3653 673 3726 quo
685 3637 854 3706 Tisnacus
866 3640 1035 3726 uteretur,
1053 3637 1090 3705 in
1109 3636 1231 3728 Belgio
1257 3637 1366 3708 divul-
1473 3630 1474 3707 l

251 3748 387 3834 gatam;
418 3743 634 3834 pernotuisse
663 3744 769 3812 etiam
783 3742 955 3837 Hispanos
967 3743 1190 3815 vehementer
1214 3746 1254 3814 in
1290 3768 1367 3815 con·
1473 3728 1474 3783 Ὗ

253 3848 334 3919 cilio
346 3849 459 3919 veniae
473 3850 740 3941 repugnavisse3
759 3873 795 3921 se
810 3855 927 3921 autem
939 3853 1092 3920 maximo
1107 3851 1240 3922 damno
1261 3855 1367 3923 affec-

284 4027 307 4077 1.
323 4026 372 4077 Tu.
387 4028 477 4087 tuere,
491 4026 716 4080 teSoultocment
736 4030 782 4080 dec
799 4031 933 4095 Papa-Bos
948 4031 1038 4081 contre
1053 4028 1080 4081 la
1093 4030 1262 4083 deminution
1277 4033 1362 4097 Espc·
1473 4026 1474 4055 r

252 4106 338 4173 quote,
351 4122 377 4171 p.
392 4107 448 4157 204.

282 4205 306 4258 2.
320 4205 440 4266 Houucu,
455 4221 483 4270 p.
497 4204 552 4256 524.

285 4303 310 4356 3.
326 4303 400 4354 Gerr.
416 4303 448 4353 dc
461 4302 586 4368 Philippo
598 4304 633 4365 ΙΙ,
648 4308 667 4366 t,
682 4304 714 4368 11,
729 4319 755 4369 p.
770 4305 824 4357 103.

285 4402 310 4453 4.
326 4400 406 4463 idid,
422 4405 440 4453 t.
454 4400 486 4462 11,
498 4415 525 4466 p.
542 4400 626 4455 so-sc.
