2988 5078
564 463 603 507 or
621 462 692 508 aius
711 461 835 508 russum
1215 428 1273 506 27'

137 606 288 688 lonium,
307 611 345 673 nt
375 627 495 675 omnes
531 604 650 674 omnia
678 606 831 674 iacerent
845 625 907 697 pro
936 606 1025 696 ipso,
1046 606 1118 696 ipse
1139 610 1256 674 autem

136 714 225 785 nihil
247 735 309 805 pro
336 713 413 781 aliis
428 721 451 781 ¹.
487 712 747 783 Maximiliauus
767 710 959 781 commodis
985 713 1058 781 suis
1087 719 1148 782 aut
1163 714 1256 806 epis·

138 820 319 915 copalibus
334 820 487 889 multum
503 819 662 889 inserviit
687 825 721 888 et
734 819 931 889 videbimus
959 842 1066 911 quam
1104 819 1260 891 studiose

142 928 426 1020 archiepiscopus
455 927 727 1006 Cameracensis,
741 925 868 996 finibus
890 927 1078 1020 provincia
1092 934 1171 1021 post
1199 951 1261 997 uo-

137 1058 219 1104 vam
251 1034 409 1104 ecclesia
434 1034 586 1125 Belgicae
611 1034 897 1103 constitutionem
920 1035 1131 1113 imminutis,
1160 1057 1261 1126 quai-

138 1143 237 1212 sierit
251 1147 291 1212 ut
306 1142 433 1211 damna
454 1165 519 1210 sua
531 1143 793 1211 resarcirentur.
813 1142 1002 1211 Multorum
1018 1143 1125 1234 igitur
1138 1143 1258 1213 iuimi-

138 1252 239 1319 citias
263 1250 428 1342 suscepit.
459 1250 526 1318 Sed
550 1249 761 1319 abstinentia
784 1271 855 1318 non
879 1250 985 1341 hujus
1007 1251 1119 1318 astatis
1135 1250 1202 1319 luit
1226 1255 1259 1318 at

137 1359 239 1450 juxta
261 1357 542 1427 Maximilianum
564 1357 730 1447 praesules
755 1356 827 1426 iere
852 1380 975 1426 omnes
992 1363 1025 1427 et
1039 1359 1183 1427 maximi
1203 1379 1258 1426 res

140 1488 219 1534 suas
251 1464 344 1533 haud
366 1466 501 1533 minore
531 1464 675 1533 avaritia
694 1464 894 1533 tuebantur.
909 1465 995 1534 Suos
1024 1470 1140 1535 autem
1165 1470 1259 1535 tanta

140 1573 324 1665 diligentia
336 1595 475 1665 suaeque
500 1572 689 1664 provinciae
717 1594 771 1639 res
792 1572 1050 1645 Maximiliauus
1065 1573 1205 1642 fovebat
1220 1578 1260 1641 ut

140 1702 394 1771 nonuunquam
415 1703 435 1747 a
460 1701 495 1747 se
520 1680 595 1771 ipso
619 1679 717 1769 quasi
744 1678 928 1748 dissideret
955 1703 962 1750 :
986 1702 1137 1774 namque
1163 1679 1259 1750 aliud

141 1788 232 1856 intra
260 1787 347 1856 fines
383 1786 663 1868 cameracenses,
689 1785 785 1855 aliud
816 1791 910 1855 extra
948 1808 1019 1854 uon
1048 1787 1155 1855 semel
1183 1787 1259 1858 lau-

140 1894 246 1963 davit.
264 1893 318 1962 lta'
333 1893 369 1962 in
382 1917 521 1962 causam
535 1893 652 1963 fratris
678 1894 780 1986 Lupi,
804 1895 863 1986 qui
879 1894 915 1962 in
930 1895 1145 1965 sermonibus
1159 1918 1179 1963 a
1194 1895 1260 1965 flde

141 2001 312 2071 catholica
324 2002 556 2080 aberraverat,
573 2000 750 2084 incubuit;
774 2002 892 2069 statim
912 2006 1028 2069 autem
1052 2003 1213 2094 subjecit,
1231 2004 1261 2071 si

139 2109 261 2202 Lupus
274 2110 323 2177 ita
337 2110 374 2177 in
390 2108 630 2180 cameracensi
648 2109 827 2201 provincia
839 2110 1061 2200 peccavisset,
1080 2131 1115 2177 se
1128 2109 1164 2175 iu
1179 2131 1261 2178 eum

142 2217 261 2309 utique
277 2215 603 2285 animadversurum
615 2216 721 2284 fuisse
737 2215 759 2283 ¹.

185 2323 369 2393 Timiditas
382 2327 441 2390 aut
455 2323 664 2392 verecundia
676 2324 776 2414 quasi
788 2323 927 2417 propria
938 2323 1166 2391 Maximiliani
1179 2325 1258 2393 fuit.

143 2431 177 2500 Si
193 2430 278 2524 qnid
295 2432 383 2500 torte
398 2429 515 2514 audet,
531 2430 634 2499 illum
652 2431 772 2498 statim
788 2432 885 2521 quasi
901 2430 1007 2523 pudet
1022 2453 1147 2499 ausum
1163 2454 1259 2503 esse:

143 2560 222 2606 cum
239 2539 334 2606 enim
356 2537 490 2606 Albano
505 2538 585 2606 duci
599 2537 640 2606 de
654 2538 805 2630 Belgicis
831 2538 935 2606 rebus
960 2538 1105 2606 consilia
1128 2537 1259 2620 scribit,

142 2644 326 2737 epistolam
355 2669 456 2714 suam
482 2651 581 2736 rogat
600 2669 682 2714 eum
708 2651 748 2713 ut
772 2644 965 2727 comburat,
997 2669 1041 2713 ne
1072 2645 1186 2738 palam
1202 2646 1262 2714 fiat

142 2775 178 2821 se
205 2758 303 2821 tauta
332 2775 411 2844 erga
443 2751 617 2821 Albanum
643 2752 784 2821 licentia
813 2753 864 2821 uti
899 2752 941 2821 de
970 2752 1074 2821 rebus
1115 2776 1192 2844 quaa
1219 2753 1262 2821 ad

142 2859 296 2950 episcopi
312 2866 425 2951 partes
440 2882 512 2928 uon
530 2865 686 2951 spectent
697 2869 719 2928 ³.

185 2969 271 3051 Qum
285 2966 427 3060 quidem
444 2967 655 3036 verecundia
671 2967 818 3036 virtutes
832 2968 999 3057 quasdam
1015 2967 1146 3059 ingenii
1162 2969 1260 3059 quasi

143 3076 281 3169 penitus
297 3073 463 3144 abolevit.
482 3075 611 3143 Praeter
632 3074 701 3143 non
721 3074 900 3166 vulgarem
923 3074 1167 3158 eruditionem,
1184 3075 1262 3167 gal-

143 3184 251 3252 licum
268 3187 300 3251 et
316 3182 534 3251 teutonicum
549 3188 693 3251 noverat
709 3187 1116 3273 sermonem,utrumque
1131 3182 1262 3253 Came-

144 3312 322 3360 racensam
339 3289 458 3358 sedem
472 3288 758 3358 administratore
778 3312 875 3381 aequa
893 3290 1129 3357 necessarium
1142 3292 1162 3356 ⁴.
1182 3290 1260 3358 llis-

143 3395 378 3492 panicaetiam
390 3396 510 3488 lingna
521 3397 683 3466 utebatur
698 3401 731 3464 et
744 3395 922 3465 nonnullas
935 3401 1122 3488 supersunt
1136 3396 1260 3465 litterae

143 3506 185 3575 ab
197 3506 273 3597 ipso
290 3503 333 3572 ad
349 3503 502 3595 legatum
526 3503 678 3596 Philippi
701 3505 792 3591 regis
817 3505 854 3571 iu
877 3502 1000 3586 Gallia,
1034 3505 1260 3573 Franciscum

143 3612 300 3696 Alavam,
317 3610 494 3704 hispanice
512 3611 647 3703 scriptae
662 3621 684 3680 ¹.
709 3611 811 3681 Haud
832 3616 951 3679 tamen
971 3611 1173 3704 incorrupta
1194 3635 1263 3681 ser·

145 3720 258 3790 monis
275 3718 388 3812 gallici
404 3719 584 3810 integritas
600 3718 655 3787 vel
680 3718 851 3810 elegantia
876 3719 913 3787 in
929 3718 1158 3789 Maximiliani
1176 3721 1264 3789 litte·

175 3879 198 3933 1,
211 3882 322 3946 Papiera
333 3879 434 3940 uarat,
451 3878 522 3939 Vlll,
537 3893 564 3941 p.
579 3877 635 3928 429.

174 3980 198 4032 2.
216 3980 336 4044 Comsp.
350 3979 382 4028 de
395 3977 542 4039 Grancelte,
559 3977 603 4036 lll,
617 3992 642 4040 p.
658 3976 713 4036 607,

175 4078 199 4129 3.
215 4079 326 4144 Papiam
339 4076 429 4127 ctam
439 4079 465 4126 et
478 4077 511 4126 de
522 4075 683 4136 l'dudicace,
699 4074 755 4137 238,
770 4089 787 4138 p
803 4074 854 4125 .11.

175 4177 199 4227 t.
217 4175 298 4226 Arcti.
309 4176 346 4225 du
357 4175 464 4239 depart.
475 4172 511 4224 du
524 4173 606 4234 Nord,
619 4174 706 4223 Fcnds
719 4173 751 4224 de
766 4173 795 4225 tc
809 4172 977 4234 cathedrale,
993 4172 1048 4234 221,
1064 4187 1091 4237 p.
1106 4171 1196 4224 'ta-ta

178 4273 202 4325 5.
219 4273 258 4326 Cf.
278 4273 377 4324 litteras
397 4273 437 4323 dia
455 4273 539 4337 primo
558 4273 654 4323 mensis
670 4286 732 4324 nov.
748 4270 823 4335 1566,
838 4273 879 4323 die
899 4271 928 4322 12
947 4273 1044 4321 mensis
1059 4271 1180 4323 februarii
1195 4269 1258 4321 1567

158 4353 236 4405 Aret.
251 4351 406 4405 nationem
420 4351 532 4415 Κ,15οῖ)
546 4355 676 4403 otmense
690 4356 800 4413 angusto
815 4352 878 4403 1567
893 4351 933 4415 (K.
950 4351 1021 4414 1508)
1038 4352 1156 4415 scriptas.
