2968 5072
262 390 322 452 146
664 398 703 444 os
724 398 817 444 vuum·
836 394 987 445 amanam

304 548 384 618 Non
395 546 526 616 mirum
540 543 628 614 estsi
640 543 859 613 Morillonins
874 543 1380 644 Maximiliaoumvituperavit,

261 654 355 747 quod
368 676 441 724 non
455 653 570 723 virum
595 672 631 720 se
658 651 879 743 praestiterit:
898 673 979 720 cum
1008 661 1096 724 esset
1125 656 1225 727 domi
1252 681 1325 727 snae
1350 663 1382 727 et

261 763 425 832 dominus
439 759 590 830 civitatis
604 780 682 850 quae
697 758 836 850 imperii
852 764 944 827 esset
965 765 999 829 et
1021 761 1094 853 ipse
1118 762 1217 833 illius
1239 763 1378 857 Imperii

259 869 432 962 princeps,
447 866 621 937 nobilium
636 866 783 934 istorum
798 861 966 958 injurias,
992 890 1070 958 quae
1087 871 1294 941 viderentur
1314 895 1378 940 non

261 977 367 1047 verba
378 982 516 1045 tantum
530 974 649 1053 fuisse,
666 972 761 1056 satis,
780 972 1026 1065 adjuvantibus
1047 977 1246 1068 oppidanis,
1272 978 1379 1047 vindi-

260 1107 336 1154 care
349 1106 430 1154 enm
440 1081 625 1176 potuisse¹;
647 1102 729 1150 cum
743 1084 860 1150 autem
873 1103 909 1149 se
928 1079 976 1148 ita
992 1084 1112 1151 vexari
1132 1107 1257 1177 passus
1283 1092 1377 1168 esset,

143 1252 146 1257 .
258 1190 539 1262 Maximilianum
564 1210 637 1257 non
666 1187 953 1258 animadvertisse
986 1211 1022 1257 se
1058 1216 1077 1258 c
1108 1191 1228 1261 locum
1260 1192 1378 1262 iecisse

258 1299 359 1369 novis
373 1297 513 1390 injuriis
528 1302 562 1366 ct
575 1317 612 1364 se
626 1295 698 1365 suis
713 1294 1016 1387 contemptibilem
1031 1297 1249 1368 reddidisse.
1278 1325 1297 1367 ›

304 1407 382 1475 Non
397 1426 498 1497 aequo
511 1403 628 1473 animo
644 1400 681 1470 id
700 1401 952 1472 Granvellanus
966 1402 1101 1474 audivit
1117 1411 1152 1474 et
1164 1411 1309 1498 propter
1325 1430 1379 1476 eos

260 1511 320 1605 qui
335 1515 488 1583 iecerant
502 1516 537 1580 et
551 1514 692 1604 propter
707 1509 841 1579 malum
855 1510 1078 1603 exemplum:
1102 1512 1203 1584 Unde
1225 1513 1379 1582 animad-

258 1621 413 1690 vertebat
426 1618 576 1710 relinqui
590 1618 710 1686 omnia
724 1616 836 1686 inulta
850 1623 882 1686 ci
896 1617 934 1686 in
946 1619 1082 1687 cunctis
1099 1621 1282 1689 conniveri
1297 1646 1305 1698 ;
1323 1622 1378 1691 scd

258 1750 329 1798 non
343 1729 393 1795 ita
407 1727 512 1796 rebus
526 1724 804 1817 periclitantibus
821 1725 980 1794 succurri
995 1730 1121 1817 posse⁸.

302 1833 562 1904 Maximilianus
577 1835 695 1901 autem
709 1830 830 1900 triduo
838 1831 963 1901 febrim
981 1832 1102 1902 habuit
1116 1840 1151 1902 et
1162 1836 1300 1903 cunctis
1311 1836 1380 1904 suis

258 1941 462 2011 munoribus
475 1937 769 2009 abdicarevoluit.
784 1938 864 2023 Sed,
882 1961 1085 2032 quanquam
1103 1940 1292 2031 Egmontio
1315 1943 1380 2011 ira·

258 2059 313 2118 tus
329 2055 404 2118 erat
415 2046 507 2140 quod
522 2045 660 2139 injuriae
676 2068 749 2114 nou
769 2045 1042 2124 intercessisset,
1071 2069 1153 2115 cum
1175 2049 1379 2140 proceribus

256 2156 361 2225 etiam
376 2159 497 2249 postea
511 2160 736 2223 conversatus
752 2159 815 2222 ost.
831 2152 961 2222 Audito
973 2152 1205 2244 Egmontium
1221 2156 1375 2241 rediisse,

256 2262 394 2333 nobiles
411 2261 593 2332 Bruxellas
613 2268 886 2336 concurrerunt3
909 2265 943 2328 et
959 2265 1083 2353 quarto
1108 2269 1190 2354 posi
1210 2263 1377 2353 injuriam

257 2376 435 2462 acceptam
450 2392 580 2451 mense,
596 2369 671 2461 ipse
685 2365 946 2436 Maximilianus
963 2390 1035 2436 non
1050 2369 1156 2439 modo
1182 2392 1266 2438 cum
1290 2371 1376 2439 Hor·

256 2500 361 2556 nanc,
377 2475 465 2545 duce
481 2475 678 2553 Areschoti,
696 2475 911 2557 Norcarmio,
940 2475 1100 2545 Jobanne
1121 2477 1262 2568 Lignio,
1284 2479 1377 2546 Mon-

256 2585 411 2677 tinioquo
424 2583 601 2651 Bruxellis
617 2587 853 2663 conversatur,
873 2581 933 2650 sed
954 2584 1062 2650 etiam
1087 2605 1168 2651 cum
1189 2584 1378 2653 Hochstra·

255 2696 350 2770 tono,
368 2689 427 2782 qui
443 2689 589 2783 Lopesio
605 2690 672 2780 ipsi
686 2689 827 2781 injuriae
852 2692 973 2758 auctor
996 2690 1103 2758 luisse
1121 2689 1322 2774 videbatur,
1344 2695 1378 2759 et

258 2798 383 2867 comite
399 2795 616 2876 Mansieldio,
635 2798 737 2889 cujus
765 2796 827 2864 filii
855 2783 1058 2888 episcopum
1083 2798 1238 2888 graviter
1270 2799 1376 2867 offen-

256 2903 402 2975 derant.
1300 2930 1302 2935 ’

299 3012 378 3082 Non
393 3019 510 3079 tamen
525 3007 787 3079 Maximilianus
801 3009 976 3080 nobilium
989 3015 1140 3079 sectator
1154 3011 1235 3082 fuit.
1250 3015 1302 3082 Ea
1312 3014 1378 3082 fuit
1459 3040 1460 3119 ζ

256 3114 351 3187 illius
366 3141 449 3210 erga
462 3116 600 3186 nobiles
614 3116 771 3202 libertas,
787 3123 828 3186 ut
840 3117 1062 3187 Morillonius
1086 3119 1160 3210 ipse
1186 3121 1374 3213 scripserit,
1459 3128 1460 3139 ¹

257 3247 337 3293 cum
352 3226 376 3293 ii
392 3224 487 3316 quod
502 3223 544 3292 de
559 3223 645 3315 ipsis
661 3222 790 3293 diceret
802 3224 1062 3295 Cameracensis
1076 3248 1148 3294 non
1169 3228 1291 3299 audire
1307 3252 1377 3298 non

256 3339 409 3424 possent,
427 3355 499 3400 uon
513 3330 634 3399 mirari
647 3352 683 3399 se
698 3330 831 3401 simale
847 3333 883 3400 iu
899 3355 980 3401 eum
996 3338 1111 3402 essent
1126 3334 1276 3406 animati
1288 3341 1309 3405 ⁶.

301 3441 351 3508 De
379 3438 556 3509 nobilibus
588 3442 705 3506 autam
727 3438 987 3507 Maximilianus
1021 3461 1141 3508 secum
1178 3441 1376 3512 discordare

254 3547 417 3628 videtum
452 3568 511 3615 eos
543 3546 637 3613 enim
662 3544 842 3615 haeretioos
868 3551 902 3614 ct
934 3545 1117 3616 seditiosos
1155 3548 1377 3620 vehementer

254 3654 426 3747 increpat;
444 3653 515 3733 sed,
534 3675 615 3720 cum
637 3651 674 3720 in
694 3674 753 3722 eos
773 3657 898 3745 prater
925 3676 1066 3744 aequum
1089 3661 1123 3723 et
1150 3655 1287 3727 bonum
1311 3681 1379 3727 sae-

286 3867 309 3918 1.
328 3854 636 3931 Papiasc’btat,v111‚
652 3880 678 3930 p.
693 3865 750 3919 cra.

284 3956 309 4007 2.
327 3956 395 4007 naa
411 3956 454 4016 ur,
470 3970 495 4019 p.
509 3954 548 4007 17.

284 4047 312 4098 a.
331 4043 399 4096 rota.
414 4044 460 4106 rx,
475 4058 501 4108 p.
516 4043 556 4093 sc.

284 4134 309 4186 4.
326 4133 393 4185 nic.
406 4133 452 4196 rx,
467 4148 493 4196 p.
504 4132 547 4184 rc.

283 4224 309 4276 o.
326 4221 394 4275 nic
405 4222 452 4284 rx,
467 4234 495 4286 p.
504 4221 561 4273 aas.

284 4313 308 4365 o.
325 4311 395 4364 ura
407 4311 454 4375 uu
467 4325 494 4377 p.
504 4309 562 4364 ool.
