2968 5072
466 448 504 492 ns
525 447 723 493 uaxruruauo
745 450 763 493 a
787 449 893 494 aeaeis
1008 438 1012 447 '
1179 435 1236 494 185

111 592 262 682 synodos
277 591 482 660 convocavit
495 596 534 658 ut
550 599 769 659 servarentur
779 591 918 660 decreta
930 590 1143 678 Tridentiua,
1156 613 1232 681 quae

112 705 146 767 et
162 698 338 790 digniores
358 697 563 766 sacerdotali
578 720 723 766 munere
741 699 833 767 viros
850 699 984 768 factura
999 704 1033 766 et
1047 698 1234 767 ecelesiam

111 805 318 874 catholicam
334 804 530 873 stabilitura
546 804 779 873 existimabat.

156 912 244 981 Cum
254 914 369 1004 ipsum
385 911 664 980 Cameracesium
676 912 832 980 haeretici
842 913 1007 981 infestum
1018 911 1228 995 habuerunt,

112 1019 374 1090 Maximilianus
393 1017 483 1086 nihil
504 1020 624 1087 omisit
649 1019 741 1110 quod
761 1018 866 1087 fidem
885 1020 1091 1087 catholicam
1112 1019 1150 1086 in
1170 1042 1232 1087 suo

111 1127 281 1195 comitatu
298 1125 510 1195 restitueret:
534 1127 687 1217 primum
708 1125 831 1194 Galliae
850 1128 937 1194 fines
953 1125 1151 1218 speculatus
1167 1132 1230 1205 est,

112 1232 173 1302 ubi
187 1233 370 1324 hugonoti,
389 1232 539 1302 Condaeo
555 1232 657 1316 duce,
676 1239 711 1300 et
727 1232 1015 1302 Cameracesium·
1024 1240 1058 1302 et
1072 1233 1232 1325 Belgium

112 1339 359 1422 sollicitabant,
370 1346 404 1406 et
415 1339 456 1408 de
468 1361 591 1408 eorum
601 1339 740 1407 insidiis
750 1340 975 1432 Margaritam
988 1340 1233 1430 Albanumque

111 1446 334 1528 admonebat,
350 1468 395 1514 ne
410 1469 491 1514 cum
507 1447 669 1516 Gheusiis
685 1449 994 1517 communicarent.
1007 1446 1141 1515 Deinde
1156 1469 1235 1514 nas·

112 1559 249 1624 centem
281 1553 441 1623 haeresim
470 1554 646 1623 Cameraci
681 1555 829 1624 feliciter
850 1555 1065 1646 compressit,
1091 1553 1231 1622 Castelli

113 1661 373 1730 Cameracensis
388 1666 422 1729 et
443 1661 597 1753 episcopi
619 1667 652 1729 et
672 1663 811 1730 comitis
830 1663 1073 1731 auctoritatem
1098 1659 1233 1753 pericli·

112 1773 246 1837 tantem
260 1769 311 1836 ita
325 1769 487 1846 servavit,
505 1774 545 1836 ut
559 1769 596 1835 in
614 1775 821 1861 perpetuum
837 1793 857 1837 a
872 1768 1110 1838 Cameracesio
1128 1766 1234 1835 calvi-

112 1877 239 1944 nianos
271 1876 434 1967 ejecerit,
463 1875 683 1944 Valentiauis
713 1876 875 1967 denique,
906 1877 965 1945 ubi
993 1875 1231 1967 magistratus,

113 1983 267 2052 civitatis
295 1982 558 2075 privilegiorum
584 1983 838 2067 tenacissimus,
865 1985 1029 2077 episcopo
1051 1981 1233 2051 haereticos

113 2090 300 2159 insectanti
324 2087 491 2174 obstabat,
521 2090 593 2180 ipso
613 2097 750 2159 tantum
777 2097 816 2159 ut
843 2092 1046 2183 episcopum
1071 2088 1228 2172 docebat,

114 2197 199 2288 egit.
604 2200 607 2204 ’

159 2305 200 2373 10
226 2305 462 2375 Cameracesio
497 2304 639 2396 quidem
659 2306 919 2375 Maximilianus
944 2329 964 2374 a
989 2304 1109 2397 Bergis
1138 2326 1233 2373 non-

118 2410 237 2481 nullos
249 2436 352 2504 poena
378 2412 467 2481 affici
491 2435 613 2504 passus
637 2418 699 2497 est,
716 2419 750 2480 et
775 2418 968 2505 opportune
989 2413 1026 2480 iu
1050 2412 1235 2480 seditiosos

116 2519 426 2588 animadvertendo
463 2520 671 2588 seditionem
700 2519 918 2611 compressit,
955 2520 1234 2609 catholicamque

116 2625 222 2695 tidem
252 2628 429 2696 sustinuit.
457 2627 668 2717 Quanquam
696 2627 734 2694 in
757 2625 833 2718 ejus
860 2627 1043 2719 provincia
1070 2626 1236 2696 nonnulli

116 2735 229 2825 capite
262 2734 373 2824 puniti
411 2740 505 2815 sunt,
541 2738 637 2803 extra
688 2734 979 2815 Cameracesium,
1017 2758 1097 2802 cum
1131 2733 1233 2802 rebus

116 2841 269 2929 Belgicis
292 2841 462 2925 interluit,
486 2864 622 2932 semper
647 2841 871 2910 clementiam
892 2841 1061 2925 laudavit,
1083 2839 1176 2931 quod
1199 2840 1235 2907 in

116 2947 239 3038 Belgio
254 2970 326 3016 non
344 2948 488 3016 baeresis
507 2948 758 3041 seditionisque
781 2948 941 3017 ductores
958 2956 1106 3029 tantum,
1126 2947 1185 3016 sed
1201 2952 1237 3014 et

115 3077 252 3136 omnes,
269 3055 327 3147 qui
352 3077 411 3123 eos
427 3054 664 3147 imprudenter
678 3055 787 3123 secuti
803 3062 910 3135 erant,
927 3077 1046 3147 pernas
1061 3052 1235 3147 expende-

116 3163 200 3231 bant
219 3168 252 3231 et
274 3162 530 3255 inperpetuum
550 3161 730 3254 suppliciis
746 3162 867 3254 Belgas
898 3169 1119 3232 consternare
1137 3160 1236 3252 quasi

116 3269 220 3338 unica
243 3269 459 3361 gubernandi
485 3269 571 3338 ratio
595 3268 788 3339 videbatur.
811 3270 931 3363 ltaque
956 3269 1093 3339 veniam
1120 3274 1237 3361 peten-

117 3377 212 3446 tibus
234 3399 340 3467 quam
365 3376 491 3445 acriter
513 3376 791 3470 repugnabatur!
818 3376 1078 3446 Maximiliauns
1105 3376 1153 3445 itu
1179 3375 1235 3445 die

119 3484 270 3575 quadam
284 3483 433 3576 Belgicis
441 3484 545 3552 rebus
557 3489 591 3552 et
605 3484 718 3552 veniae
731 3482 937 3575 desperavit,
946 3489 985 3551 ut
999 3464 1250 3577 episcopatum

120 3589 294 3684 deponere
316 3591 385 3682 ipsi
404 3591 441 3659 in
460 3590 578 3660 animo
605 3592 720 3660 luerit.
738 3588 830 3658 Blud
845 3594 961 3660 autem
985 3613 1121 3682 magnae
1145 3590 1240 3660 laudi

117 3697 358 3768 Maximiliano
370 3704 420 3767 est
431 3697 525 3790 quod
536 3697 610 3789 ipse
620 3702 745 3790 'sponte
757 3697 800 3766 ad
813 3697 1035 3768 clementiam
1045 3720 1238 3791 propensus

119 3812 207 3875 erat:
233 3806 388 3898 episcopi
414 3806 510 3874 euim
535 3804 794 3874 Cameracensis
823 3806 1011 3898 provincia
1037 3808 1239 3876 societatem

119 3935 200 3982 cum
222 3910 285 3980 illo
306 3913 418 3981 lacere
441 3912 478 3981 in
503 3912 635 4005 syuodo
655 3911 856 3987 noluerunt.
876 3919 916 3982 ut
935 3936 1075 4006 gravem
1095 3911 1180 4003 Regi
1196 3911 1239 3981 de

118 4020 223 4089 venia
261 4018 533 4111 postulationem
568 4019 770 4103 mitterent,
807 4018 1071 4102 Granvellanus,
1104 4018 1240 4088 nobiles

118 4124 344 4219 marchioque
365 4125 550 4218 Bergensis
566 4147 639 4194 non
663 4124 716 4194 illi
736 4147 813 4194 eam
837 4131 990 4194 mentem
1007 4125 1180 4195 dederunt
1202 4129 1243 4193 ut

120 4232 345 4302 clementiam
371 4233 585 4325 predicaret,
605 4232 664 4301 sed
690 4238 825 4303 tantum
848 4254 928 4301 eum
949 4231 1075 4301 hortati
1102 4236 1185 4300 sunt
1204 4236 1244 4298 ut

128 4340 207 4409 dem
243 4361 381 4433 semper
405 4338 446 4408 de
469 4340 572 4408 venia
597 4340 750 4407 sentiret.
767 4340 912 4432 Semper
932 4340 1041 4431 igitur
1062 4338 1128 4407 sibi
1146 4338 1244 4429 quasi
