2988 5078
594 1055 738 1130 CAPUT
756 1055 790 1125 ll

202 1388 228 1446 1.
249 1383 421 1452 QUOMODO
440 1384 698 1445 murmurans
717 1383 983 1444 GAMERACENSIS
1001 1385 1192 1445 EPISCOPUS

572 1502 751 1560 DELECTUS
771 1502 824 1559 SIT

178 1841 283 1912 Anno
302 1841 403 1926 1556,
422 1840 680 1912 Maximilianus
702 1865 723 1910 a
745 1842 866 1934 Bergis
886 1840 1149 1912 Cameracensis
1169 1841 1259 1933 epis·

136 1971 245 2041 oopus
262 1947 420 2018 delectus
437 1955 499 2032 est,
517 1947 862 2042 duodequadraginta
880 1971 991 2018 annos
1006 1954 1124 2018 natus.
1142 1950 1259 2041 Supe-

136 2055 286 2125 rioribus
314 2060 431 2125 autem
458 2057 673 2149 temporibus
699 2056 766 2124 hoo
787 2060 926 2125 tantum
956 2056 1045 2126 seire
1070 2057 1151 2125 lieet
1177 2078 1259 2126 eum

136 2162 338 2255 Collegialis
350 2163 505 2233 ecelesiae
518 2161 637 2233 Sancti
650 2164 829 2234 Gummari
843 2164 933 2233 Line
947 2162 1130 2248 decanum,
1140 2164 1258 2233 Came·

136 2271 287 2340 raoensis
304 2271 463 2342 dioeeesis
478 2272 717 2365 presbyterum
733 2271 955 2364 Oratoriique
975 2264 1081 2342 saorae
1094 2271 1257 2341 Caesareae

136 2383 169 2448 et
181 2379 361 2448 catholicae
376 2378 568 2471 Majestatis
586 2381 791 2472 praetectum
807 2379 916 2447 tuisse
930 2379 952 2447 ¹.

179 2487 331 2556 Roherto
351 2486 451 2557 Croio
474 2487 634 2580 episeopo
655 2492 807 2572 mortuo,
828 2487 1089 2567 Cameracensis
1107 2486 1258 2557 decanus

135 2599 169 2664 et
189 2593 384 2687 capitulum
413 2594 620 2664 cathedralis
648 2594 803 2664 ecelesia
828 2593 1097 2676 Cameracensis,
1128 2619 1146 2661 a
1156 2593 1259 2686 juxta

136 2702 320 2771 canonicas
335 2701 540 2781 sanctiones,
560 2703 770 2772 Sanotorum
790 2703 940 2771 Petrum
960 2701 1099 2772 deoreta
1120 2726 1159 2771 ao
1178 2724 1258 2771 oon·

136 2808 340 2879 suetudines
349 2808 491 2901 Imperii
507 2809 707 2901 abantiquo
722 2808 933 2893 observatae,
944 2837 963 2875 ›
975 2809 1018 2878 ad
1033 2808 1258 2901 deligendum

135 2917 295 2987 iuturum
314 2916 502 3009 praesulem
523 2922 762 2987 convenerunt
777 2913 800 2986 ¹.
827 2918 1075 3011 Episcopatum
1097 2916 1258 3009 petebant

135 3025 308 3094 Rohertus
327 3024 560 3094 Brederodius
582 3031 617 3094 et
638 3024 898 3096 Maximilianus
921 3048 942 3093 a
965 3025 1097 3117 Bergis.
1124 3023 1260 3092 Brede-

136 3131 364 3201 rodioautem
382 3153 453 3200 una
478 3134 593 3201 terere
619 3138 723 3224 atque
751 3131 927 3201 adversari
952 3131 1148 3217 videbatur,
1167 3130 1259 3222 quod

138 3239 301 3310 defuneto
318 3238 481 3331 episeopo
501 3239 641 3332 adjutor
661 3237 800 3309 iuerat³
818 3245 852 3309 et
874 3241 910 3307 in
932 3239 1088 3332 partibus
1108 3238 1258 3307 habebat

136 3369 296 3440 proceres
309 3344 330 3416 ⁴.
349 3347 428 3415 Suae
446 3369 526 3416 eum
541 3348 687 3417 virtutes
703 3346 856 3439 capitulo
879 3347 1118 3416 Cameracensi
1133 3368 1257 3438 parum

137 3453 438 3525 commendarunt.
462 3455 581 3524 Frater
602 3460 677 3524 erat
696 3453 839 3524 Henrioi
865 3453 1081 3535 Brederodii‚
1101 3455 1161 3547 qui
1190 3454 1259 3523 fuit

165 3645 188 3695 1.
205 3646 343 3703 merus,
372 3643 480 3707 Betpice
502 3643 665 3703 curatione,
691 3657 717 3706 p.
735 3642 790 3694 182.
805 3641 928 3693 -Liter
957 3641 1091 3696 secundus
1117 3641 1257 3694 titulorum

137 3724 249 3775 ecclesie
261 3722 467 3784 Cameracensis,
486 3733 515 3772 n⁰
529 3722 585 3784 22¹,
601 3738 626 3788 p.
637 3722 669 3772 79
683 3721 771 3773 aaron

165 3823 189 3875 2.
206 3823 287 3874 Liber
309 3822 441 3872 secundus
465 3821 607 3872 titulorum
629 3820 694 3872 ecel.
720 3821 802 3882 Gom,
824 3829 855 3870 n⁰
872 3820 927 3880 eet,
952 3836 978 3886 p.
993 3822 1025 3871 115
1052 3824 1079 3872 et
1104 3824 1210 3886 passim.
1225 3846 1258 3861 -

139 3907 254 3966 Duram,
267 3903 336 3953 aar.
349 3901 413 3954 ecel.
421 3904 448 3952 et
458 3901 536 3953 civile
545 3903 578 3952 de
594 3901 719 3954 Oamtrot
728 3904 754 3951 et
767 3901 804 3951 da
820 3900 973 3962 commeate,
985 3902 1016 3963 11,
1026 3898 1054 3951 5·
1063 3905 1153 3966 partie,
1161 3917 1188 3966 p.
1199 3902 1255 3955 113·

140 3984 192 4038 115.
204 4009 237 4024 -
250 3982 353 4045 Boura,
365 3982 483 4035 flatura
496 3981 530 4033 de
552 3981 676 4035 cambrai
696 3982 774 4032 etde
791 3980 950 4044 Gomtreeie,
971 3986 988 4033 t.
1007 3985 1040 4044 11,
1059 3996 1084 4046 p.
1104 3982 1144 4044 ⁵3,
1165 3985 1215 4034 ete.
1228 4009 1258 4020 -

139 4066 228 4118 aetem
241 4063 390 4129 dicturique
400 4078 447 4113 eur
455 4062 623 4116 Maximitien
637 4061 670 4113 de
683 4061 807 4127 Berytos,
819 4075 865 4126 par
880 4061 964 4114 l’ebbe
975 4063 1130 4115 Bounmrs
1146 4062 1237 4127 (1815).

168 4164 193 4216 8.
209 4161 323 4215 Rotaria
338 4160 489 4224 illustrato,
508 4166 528 4212 1.
543 4162 576 4222 11,
592 4175 618 4231 p.
639 4158 695 4212 889.
707 4185 739 4200 -
759 4161 900 4211 Decretum
914 4160 995 4212 Pauli
1008 4161 1092 4226 Papae
1113 4161 1151 4214 W
1164 4160 1258 4212 dotum

140 4248 231 4296 eontra
243 4240 392 4307 capitulum
412 4242 600 4293 cameracenae
615 4242 782 4306 pretendens
797 4241 848 4306 joa
866 4240 1003 4292 electionis
1019 4241 1057 4291 od
1075 4242 1256 4305 episcopatum

142 4326 354 4376 Gomacemem
364 4323 400 4373 od
416 4323 593 4388 sepertinere
608 4321 672 4385 (tit.
685 4321 816 4372 secundae
824 4321 974 4381 titulorum,
992 4323 1063 4385 ete).

168 4426 192 4475 1.
210 4423 329 4482 Samon,
344 4422 382 4472 De
395 4420 467 4473 Bello
488 4420 603 4488 Belpieo,
618 4419 663 4472 111).
679 4419 712 4481 11,
727 4433 754 4485 p.
766 4420 807 4474 80.
