2988 5078
195 405 215 466 6
674 418 840 465 raomumu

197 570 331 645 tuaest,
349 565 409 656 qui
432 571 491 633 aut
519 562 678 656 capitulis
709 562 865 632 ecclesiae
896 586 968 632 suae
996 565 1196 633 resisterent
1211 570 1271 633 aut
1297 588 1317 634 a

198 696 278 764 rege
297 677 453 764 peterent
481 678 521 740 ut
545 671 667 741 edictis
693 671 730 739 in
759 671 942 741 hereticos
969 671 1048 741 latis
1078 672 1316 744 laxamentum

198 781 306 848 daret.
323 780 437 848 Immo
449 779 565 847 minus
581 784 632 847 est
654 778 914 873 archiepiscopo
938 779 1165 859 auctoritatis
1193 781 1317 873 siquis
1347 783 1349 786 ⁴

198 889 494 980 suffraganeorum
521 886 679 955 doctrina
702 890 736 953 et
756 887 884 955 virtute
907 887 1116 981 conspicuus
1136 892 1207 961 est:
1237 911 1316 960 curn

198 995 455 1064 Maximilianus
471 994 756 1062 Cameracensern
773 992 890 1062 sedem
915 994 1103 1074 obtinebat,
1121 1001 1205 1065 tuuc
1220 996 1319 1065 Atre·

198 1103 348 1172 batensis
366 1103 548 1194 episcopus
565 1107 638 1169 erat
659 1100 906 1180 RichardotuS,
924 1101 984 1195 qui
999 1112 1039 1171 eo
1054 1107 1210 1194 tempore
1225 1124 1320 1194 prae-

199 1211 314 1279 sulum
336 1210 372 1278 iu
401 1209 520 1300 Belgio
544 1214 618 1277 erat
640 1207 972 1301 praestantissimus:
999 1213 1115 1302 itaque
1142 1209 1194 1278 illi
1220 1209 1319 1302 quasi

199 1317 342 1410 obsequi
359 1316 619 1387 Maximiliauus
631 1338 719 1409 serpe
731 1314 923 1400 videbatur,
938 1317 1033 1385 illius
1045 1318 1190 1386 consilia
1201 1318 1321 1411 exqui-

200 1425 312 1494 rebat:
325 1430 364 1494 ut
375 1446 478 1493 suum
487 1423 789 1517 archiepiscopum
805 1424 1042 1494 attrebatensis
1056 1425 1317 1518 vituperaverit,

200 1556 281 1601 cum
295 1531 554 1600 Maximilianus
578 1531 840 1600 aGranvellano
866 1531 1033 1601 dissidere
1059 1532 1172 1602 dictus
1188 1539 1249 1604 est.
1277 1534 1321 1604 Et

199 1641 272 1732 ipse
296 1637 554 1709 Maximilianus
580 1640 738 1730 queritur
769 1639 862 1730 quod
893 1638 1115 1719 Richardoto,
1151 1663 1223 1711 uon
1251 1640 1319 1711 sibi

199 1746 384 1839 Margarita
396 1747 612 1815 mandaverit
625 1751 665 1815 ut
684 1747 938 1817 monasterium
955 1746 1129 1839 quoddam
1150 1748 1319 1820 visitaret.

245 1969 287 2040 In
304 1993 452 2054 summa,
469 1968 741 2054 Maximilianus,
767 1993 836 2061 quo
859 1970 1055 2041 minoribus
1076 1976 1222 2065 praerat
1245 1969 1323 2040 fini-

203 2079 279 2157 bus,
312 2100 352 2146 eo
377 2079 512 2169 majore
545 2078 708 2147 utebatur
742 2079 974 2148 auctoritate:
1007 2081 1103 2171 parvi
1140 2077 1323 2148 comitatus

204 2185 346 2255 domiuo
362 2186 548 2254 auctoritas
563 2191 636 2254 erat
662 2208 795 2276 magna,
811 2186 958 2278 majoris
981 2186 1140 2255 dioecesis
1162 2186 1323 2278 episcopo

203 2293 329 2373 minor,
348 2299 382 2361 et
404 2292 565 2361 maximae
598 2293 785 2384 provincia.
822 2293 1080 2386 archiepiscopo
1109 2294 1181 2361 fere
1213 2291 1321 2361 nulla.

203 2400 397 2492 Episcopus
424 2399 692 2483 Cameracensis
719 2423 918 2492 quanquam
946 2401 1141 2470 Germanici
1182 2400 1323 2491 Imperii

204 2509 362 2600 princeps
385 2513 469 2590 erat,
502 2507 545 2575 ad
569 2507 729 2598 Belgium
753 2508 943 2598 praesertim
967 2509 1171 2599 pertinebat,
1196 2508 1233 2575 in
1258 2529 1324 2598 quo

205 2618 277 2684 no'n
290 2615 394 2684 modo
408 2615 692 2706 metropolitana,
708 2637 829 2683 verum
853 2615 956 2684 etiam
981 2615 1186 2707 episcopalis
1200 2614 1325 2682 dioece-

207 2723 253 2790 sis
271 2730 446 2813 parserat,
473 2745 536 2790 nec
560 2723 670 2815 potuit
696 2722 955 2792 Maximilianus
982 2746 1002 2791 a
1027 2724 1145 2815 Bergis
1176 2721 1324 2812 Belgicis

206 2829 415 2902 tumultibus
429 2852 501 2900 uon
516 2829 775 2898 se'immiscere.
839 2860 842 2867 ·

208 3427 241 3493 2.
273 3424 389 3507 Quaen
417 3423 666 3492 Cannalcusruu
700 3442 800 3489 suxro
833 3441 950 3488 urcino
979 3441 1103 3490 aarum
1133 3419 1325 3502 Genusum,

318 3549 496 3628 Baceuouu
510 3571 550 3616 ur
565 3547 693 3616 Gamla
717 3569 873 3616 rusromu
896 3567 1138 3615 auscamunouu
1150 3567 1209 3614 sn.

253 3896 542 3982 Cameracesium‚
560 3903 631 3967 tam
646 3895 749 3965 arctis
769 3895 895 3964 finibus
913 3894 1010 3986 quasi
1029 3892 1218 3978 inclusum,
1234 3896 1325 3961 terra

207 4006 411 4076 Germanica
424 4005 514 4072 inter
529 4004 689 4094 Belgium
714 4009 747 4073 et
771 4002 919 4072 Galliam
944 4003 1010 4072 sita
1027 4011 1099 4070 erat
1112 4006 1157 4083 et,
1175 3999 1217 4069 ab
1233 4022 1324 4068 auno

207 4117 305 4199 ll82,
322 4119 462 4182 auctore
476 4113 639 4204 episcopo
657 4110 840 4181 Henricoa
861 4112 997 4203 BergiS,
1012 4108 1214 4179 inviolabile
1230 4114 1263 4176 et
1280 4106 1322 4176 ab

202 4222 298 4292 omni
314 4221 535 4290 contentione
558 4225 674 4287 tutum
703 4241 723 4286 a
744 4218 921 4288 Ludovico
947 4219 997 4288 Xl
1025 4221 1058 4286 et
1080 4213 1319 4286 Maximiliano

200 4329 381 4399 Austriaco
395 4329 556 4397 habitum
574 4330 625 4396 est
642 4351 650 4393 ε
667 4325 717 4395 ita
743 4326 938 4418 episcopus,
964 4325 1012 4393 eit
1035 4324 1082 4393 Le
1105 4323 1315 4417 Carpentier,
