2958 5076
245 435 304 498 122
633 451 673 499 66
693 451 785 497 vaura
807 450 957 496 6666666

244 595 334 663 simo
348 595 443 665 bello
458 600 546 675 orta,
561 599 682 688 totque
699 589 794 664 viros
814 595 947 677 bonos,¹
963 616 1051 686 qnos
1075 617 1170 665 nunc
1192 594 1362 666 desidera-

243 708 320 770 rent
335 704 485 793 cognati,
502 702 675 784 subletos;
689 708 849 795 oportere
872 704 976 795 igitur
991 725 1112 771 eorum
1135 705 1274 773 animos
1294 703 1361 796 pla-

244 831 321 878 care
336 808 380 877 ad
391 810 532 879 mitiora
545 810 744 879 inclinando
759 815 781 877 ¹.
810 811 968 901 Denique
985 832 1076 878 anno
1092 813 1191 896 1669,
1209 812 1361 880 Albanus

244 915 416 1008 legatione
430 917 575 987 illorum
588 918 648 1010 qui
665 918 701 985 in
712 918 860 987 ecclesia
874 917 1016 1010 Belgica
1035 919 1234 1010 principem
1248 918 1361 987 locum

244 1022 447 1093 obtinebant
461 1025 661 1094 admonitus
677 1031 728 1092 est
745 1030 784 1093 ut
796 1024 938 1092 tandem
959 1026 1070 1093 veniae
1097 1048 1222 1094 curam
1247 1026 1359 1094 daret:

245 1130 328 1199 huic
342 1130 505 1223 legationi
520 1135 674 1225 praeerat
689 1131 950 1200 Maximilianus
963 1153 984 1199 a
999 1131 1133 1224 Bergis.

428 1686 460 1753 2.
490 1684 540 1752 Du
565 1682 793 1752 Mixmnnuo
817 1704 1001 1751 66666666
1027 1705 1182 1754 6666666.

291 2034 474 2120 Quomodo
505 2033 684 2103 discordiae
709 2034 820 2103 sederi
839 2040 981 2128 possent
1002 2034 1180 2127 inquirere
1202 2035 1363 2105 Maximi-

245 2145 360 2214 lienus
372 2165 554 2236 nunquam
571 2142 748 2210 destiterat
771 2146 816 2227 et,
838 2143 892 2211 vel
919 2148 997 2211 ante
1018 2164 1150 2210 annum
1176 2145 1277 2228 1666,
1301 2167 1363 2235 qno

246 2258 351 2321 tantae
366 2250 477 2319 turbae
491 2251 653 2342 Belgium
679 2255 957 2333 commoverunt,
983 2249 1057 2342 jam
1086 2248 1185 2319 illem
1212 2251 1363 2320 modere-

244 2360 376 2428 tionem
396 2358 615 2451 praestiterat,
631 2379 737 2449 quam
763 2356 874 2424 tribus
903 2363 964 2426 eut
985 2361 1135 2449 quatuor
1160 2363 1241 2450 post
1270 2359 1363 2427 annis

246 2465 452 2534 laudaturus
471 2470 557 2533 erat.
588 2463 907 2534 vehementissime
936 2470 970 2533 et
1001 2464 1075 2556 ipse
1100 2466 1313 2558 querebatur
1327 2467 1363 2535 de

245 2572 490 2641 haereticorum
502 2570 647 2640 andacia
663 2576 697 2640 et
712 2570 822 2655 rabie,
838 2571 910 2662 qui,
931 2572 1059 2664 inquit,
1076 2572 1167 2639 nihil
1179 2575 1364 2664 praetermi-

245 2683 366 2749 serunt
395 2677 489 2770 qnod
518 2679 631 2747 Deum
672 2678 710 2746 in
745 2679 1039 2769 contemptionem
1068 2678 1269 2748 adduceret.
1304 2681 1363 2750 Sed

246 2777 462 2866 eorumdem,
483 2808 571 2877 quos
589 2785 630 2856 de
646 2776 741 2854 recta
763 2786 906 2878 regione
926 2785 1077 2855 deflexos
1105 2787 1201 2871 dicit,
1228 2789 1363 2857 misere-

245 2896 350 2964 batur
363 2901 396 2964 et
411 2893 587 2986 quaerebat
599 2892 775 2985 quomodo
790 2894 920 2961 ineam
936 2893 1056 2962 reduci
1073 2899 1217 2986 possent
1231 2897 1255 2966 ⁸.

293 3001 394 3084 Quod
408 3008 449 3070 66
463 3002 536 3082 fiat,
554 3023 594 3068 66
606 3000 760 3069 remedie
775 3001 1000 3092 praeoptanda
1015 3001 1274 3071 Maximilianus
1291 3026 1363 3073 cen·

246 3114 303 3179 set
319 3132 395 3201 quae
408 3109 481 3176 vim
497 3130 568 3175 non
584 3107 768 3198 recipiant,
793 3107 828 3175 id
843 3112 894 3174 est
908 3129 1037 3198 preces,
1057 3130 1249 3192 sermones,
1273 3110 1363 3179 scho-

246 3217 362 3287 larum
383 3214 642 3284 institutionem
671 3214 993 3307 correctionemque
1016 3213 1240 3295 clericorum,
1259 3219 1364 3308 quiet

246 3323 405 3417 exemplo
427 3328 461 3392 66
484 3321 637 3413 alloquio
666 3322 858 3390 catholicos
881 3321 918 3388 in
942 3321 1089 3390 ecclesia
1109 3322 1268 3393 Romana
1289 3325 1363 3394 reti-

246 3454 331 3500 nere
345 3429 494 3523 possint.
512 3428 624 3520 Supra
637 3428 792 3496 vidimus
807 3451 875 3519 quo
889 3428 1005 3497 studio
1025 3428 1165 3520 petierit
1189 3436 1230 3499 nt
1256 3430 1363 3502 Socie-

245 3538 329 3607 tatis
344 3540 427 3607 Jesu
457 3538 579 3605 Patres
605 3534 833 3604 valentianas
860 3539 1135 3633 arcesserentur3
1164 3559 1252 3628 quos
1278 3541 1363 3608 enim

246 3645 365 3738 magni
379 3643 529 3713 faciebat
550 3643 668 3735 eisque
698 3642 912 3735 praedicandi
941 3665 1070 3711 munus
1098 3643 1364 3715 corturiacum

251 3753 292 3824 P.
308 3752 460 3844 hoyum,
480 3750 690 3843 praepositus
719 3751 893 3842 generalis
921 3750 1119 3834 SocietatiS,
1149 3774 1169 3820 a
1195 3752 1363 3845 colloquio

251 3857 404 3928 Pinciaei
419 3856 540 3926 habito
556 3879 592 3925 se
609 3857 774 3952 reciperet
799 3863 844 3937 66,
874 3862 953 3926 6666
982 3858 1174 3926 concilium
1201 3860 1366 3930 Tridenti-

248 3989 347 4046 num,
365 3963 543 4033 Cameraci
568 3971 859 4051 commoraretur,
878 3987 960 4034 eum
980 3965 1241 4035 Maximilianus
1260 3969 1365 4037 oravit

244 4081 285 4143 ut
311 4074 380 4166 ipsi
402 4071 639 4140 ministerium
673 4073 794 4142 Patres
826 4072 1077 4166 pollicerentur
1111 4080 1145 4143 et
1174 4074 1364 4167 Collegium

280 4283 304 4332 l.
323 4277 397 4330 Gerr.
413 4276 445 4327 de
470 4274 616 4337 66666666,
627 4275 672 4339 ΙΙΙ,
686 4291 712 4341 p.
727 4275 783 4328 389.
797 4301 829 4316 -
842 4277 880 4331 Cf.
895 4291 922 4339 p.
933 4274 990 4327 427.

285 4378 309 4430 2.
326 4375 403 4438 leid..
416 4373 448 4436 ΙΙ,
463 4387 489 4438 p.
501 4372 529 4426 2.
771 4388 773 4392 ’
