2958 5076
238 454 279 514 80
559 470 702 531 ooouoro
723 471 840 517 aaran
860 470 1034 518 oasrrrsmr

240 611 370 699 audita,
386 613 506 681 statim
519 613 792 698 Maximilianus,
815 614 932 684 media
954 618 1054 682 nocte
1078 613 1147 704 (die
1164 616 1207 681 22
1231 616 1357 682 mensis

236 720 341 809 junii)
357 717 399 788 ab
410 719 546 789 Albano
562 723 661 812 petiit
690 727 730 790 ut
752 721 914 814 praesidia
938 746 959 790 a
984 721 1168 804 Querceto‚
1192 721 1358 792 Landeri-

155 898 167 917 .
238 826 334 894 ciaco
359 826 645 919 Valentianisque
675 828 904 897 Camaracum
933 828 1100 895 mitteret.
1122 827 1218 896 'Non
1248 833 1358 897 autern

235 933 402 1023 sperabat
420 934 496 1004 baeo
522 939 677 1029 tempore
702 940 852 1004 ventura
879 938 914 1002 et
943 935 998 1002 his
1030 934 1147 1002 verbis
1174 934 1357 1026 epistolam

234 1040 324 1108 finiit
340 1042 563 1112 vehementer
583 1065 619 1112 sa
640 1042 766 1111 timere
786 1065 829 1111 ne
851 1039 1052 1109 miserabile
1076 1040 1358 1110 cameracesium

234 1153 429 1219 vastaretur
443 1150 646 1242 priusquam
667 1149 793 1218 litterae
809 1148 945 1217 Albano
968 1148 1203 1239 perferrentur
1222 1157 1244 1216 ¹.
1262 1150 1359 1216 Atta-

235 1279 316 1326 men
331 1258 501 1341 Albanus,
518 1259 593 1327 sine
608 1279 718 1340 mora,
736 1257 791 1326 die
806 1257 848 1323 23
862 1256 892 1323 ei
918 1254 1089 1323 auxilium
1114 1253 1297 1346 pollicitus
1311 1263 1357 1324 est

234 1388 273 1433 ac
289 1365 500 1435 disserturi
513 1363 773 1434 Maximilianus
789 1363 917 1456 gratias
933 1362 1004 1453 egit
1022 1369 1044 1429 ⁸.

279 1472 487 1564 Quanquam
502 1494 620 1541 mense
633 1473 722 1563 julio
739 1473 824 1541 1568
840 1468 962 1562 procul
977 1493 997 1537 a
1019 1469 1260 1538 Cameracesio
1286 1471 1354 1540 bel—

235 1580 310 1648 lum
325 1580 415 1648 inter
429 1580 603 1672 Hispanos
618 1584 652 1648 et
675 1579 845 1648 Gheusios
867 1582 1004 1668 gestum
1020 1580 1081 1656 est,
1099 1577 1358 1646 Maximilianus

233 1687 390 1755 victoriis
420 1686 545 1756 Albani
577 1688 679 1754 laetus
710 1685 809 1777 quasi
832 1685 941 1752 tutior
978 1683 1044 1751 sibi
1078 1683 1173 1751 visus
1202 1691 1266 1753 est.
1295 1685 1357 1753 Die

234 1797 277 1862 23
294 1795 424 1863 mensis
438 1794 521 1862 maii
534 1794 679 1886 Hispani
697 1815 805 1885 prope
821 1791 1071 1860 Winschotum
1084 1796 1118 1858 et
1134 1791 1357 1883 Hiligelaeum
1460 1870 1461 1875 ἵ

233 1902 434 1971 coenobium
449 1925 470 1969 a
485 1900 662 1970 Ludovico
675 1899 842 1968 Nassavio
859 1898 942 1967 victi
964 1905 1081 1974 erant;
1096 1900 1355 1991 Arembergius,

233 2009 291 2099 qui
307 2009 357 2078 eis
373 2012 531 2099 praeerat,
549 2007 749 2075 interfectus
765 2012 832 2081 θεῖς
857 2010 1028 2074 tormenta
1043 2010 1077 2073 et
1096 2012 1222 2074 cuncta
1243 2007 1356 2098 impe-

232 2114 417 2183 dimentaa
433 2114 597 2183 Ghausiis
611 2118 713 2204 capta
729 2117 822 2181 sunt.
840 2111 895 2180 Ad
911 2112 1116 2203 Gemingam
1136 2136 1218 2181 vero
1240 2113 1354 2183 Ludo·

231 2221 331 2290 vicus
346 2220 533 2289 Nossavius
547 2220 589 2289 ab
612 2220 746 2288 Albano
762 2218 817 2288 die
839 2222 878 2286 21
906 2220 1035 2287 mensis
1056 2220 1137 2311 julii
1156 2221 1270 2288 victus
1292 2228 1351 2289 est.

231 2328 502 2407 Maximilianus,
520 2329 576 2396 cui
592 2328 682 2395 hanc
702 2327 885 2394 victoriam
904 2326 1062 2394 Albanus
1077 2328 1150 2417 ipse
1163 2329 1352 2411 nuntiavit,

233 2435 352 2502 statim
379 2436 410 2502 ei
442 2435 569 2526 gratias
600 2457 660 2525 per
688 2434 821 2500 litteras
848 2435 918 2527 egit
933 2433 1136 2514 etclericos,
1168 2446 1206 2503 ut
1232 2436 1354 2526 quibus
1461 2426 1462 2433 ἵ

234 2547 312 2610 ante
339 2563 461 2609 omnes
475 2541 530 2609 hae
551 2541 705 2617 rictoriae
730 2545 837 2631 gratae
860 2563 933 2610 esse
957 2539 1135 2625 deberent,
1165 2564 1229 2633 pro
1260 2547 1352 2610 tanto

234 2650 298 2717 Dei
313 2648 484 2716 beneficio
499 2647 768 2741 supplicationes
785 2647 911 2716 habere
924 2649 1030 2739 jussit
1044 2647 1065 2716 ³.

278 2757 393 2824 Mense
404 2760 521 2823 autem
533 2754 734 2846 septembri,
742 2756 911 2823 exercitus
924 2755 1107 2847 utriusque
1116 2757 1225 2847 partis
1235 2757 1352 2825 Came-

233 2865 364 2933 racesio
389 2863 678 2956 appropinquant.
703 2863 825 2932 Victus
846 2862 1043 2931 Ludovicus
1065 2885 1100 2930 se
1125 2865 1354 2955 conjunxerat

233 2995 314 3041 cum
327 2971 476 3063 Orangio
492 2969 673 3064 eidemque
688 2969 857 3039 Condaeus
872 2969 1082 3038 Vasconioos
1106 2970 1236 3039 milites
1253 2973 1353 3039 mise

233 3085 297 3164 rat,
313 3079 373 3168 qui
386 3079 504 3147 omnia
519 3076 829 3173 depopulabantur.
839 3076 974 3145 Albano
984 3076 1148 3160 instante,
1165 3078 1210 3147 ad
1222 3080 1353 3147 Mosam

233 3187 405 3279 Orongius
418 3185 553 3278 agebat.
571 3185 640 3253 Diu
657 3183 861 3252 deliberavit
876 3190 997 3252 utrum
1016 3184 1060 3254 ad
1074 3183 1276 3254 Flandriam
1289 3188 1353 3256 iret

235 3294 298 3384 (ibi
314 3294 408 3362 enim
424 3293 557 3362 Albano
573 3293 772 3386 paucissimi
788 3292 916 3361 milites
932 3295 1104 3384 erant),ut
1116 3299 1271 3385 portum,
1283 3319 1351 3386 quo

235 3401 446 3492 appellerent
460 3400 590 3469 auxilia
606 3398 648 3468 ab
667 3400 791 3491 Anglis
816 3400 933 3483 missa,
951 3407 1144 3491 oocuparet,
1161 3424 1205 3468 an
1219 3401 1350 3470 Mosam

234 3508 408 3591 transiret,
425 3531 468 3576 ne
490 3508 711 3577 aGermania
727 3506 1035 3598 intercluderetur:
1053 3529 1134 3575 cum
1157 3512 1276 3577 autem
1290 3532 1351 3577 neo

233 3615 480 3685 Tillemontem
494 3636 559 3684 nec
570 3614 752 3694 Leodium
770 3616 871 3706 cujus
887 3614 1068 3706 episcopus
1085 3623 1202 3700 portas
1213 3614 1348 3696 clausit,

234 3746 357 3815 capere
372 3723 551 3816 potuisset,
574 3722 618 3791 ad
643 3721 794 3792 Galliam
812 3743 872 3813 per
893 3712 1172 3790 Cameradesium
1189 3721 1347 3791 devertit.

232 3832 312 3901 tam
328 3831 381 3899 die
397 3832 440 3898 26
460 3830 590 3898 mensis
614 3828 826 3921 Septembris
844 3827 1019 3898 Albanum
1040 3829 1221 3897 certiorem
1245 3830 1351 3898 Maxi-

233 3939 398 4008 milianus
426 3938 555 4007 lecerat
584 3935 625 4006 de
656 3936 792 4005 insidiis
821 3958 911 4027 ¹quas
945 3935 1117 4028 hugonoti
1147 3943 1181 4005 et
1208 3936 1350 4008 Gheusii

265 4172 289 4225 l.
306 4172 421 4237 Popierr
431 4163 522 4224 ortos
535 4175 562 4223 ct
576 4173 609 4226 de
624 4172 785 4237 l’Audience,
798 4173 855 4239 238,
869 4192 895 4240 p.
911 4178 951 4228 45.

265 4272 289 4323 a
306 4271 385 4322 ma..
401 4287 427 4336 p.
438 4271 478 4324 rr.

265 4370 290 4420 s.
306 4368 384 4431 nm,
401 4382 427 4432 p.
441 4367 509 4420 oa
521 4368 561 4421 sl.
