2958 5076
483 403 604 450 rrureus
626 403 740 449 estun
762 403 976 450 cusromcuors
1246 390 1285 449 85

157 552 196 612 nt
229 545 334 613 faciet
357 546 601 632 Richardotus‚
627 549 761 639 majore
783 553 900 616 temen
925 571 1029 637 quem
1048 547 1285 617 Atrebatensis

156 652 342 744 episeopus
379 653 470 744 apud
504 653 617 745 Belgii
656 646 880 722 Praeiectum'
901 655 1103 723 auctoritate
1141 654 1283 739 valebit,

158 760 289 851 quippe
306 759 365 852 qui
380 760 547 829 hactenus
562 784 679 829 rerum
693 762 912 853 publicarum
927 769 1105 830 auctorem
1115 764 1188 830 tere
1199 786 1284 854 ege-

155 865 214 949 rit,
240 867 347 934 ceteri
375 873 492 935 autem
522 869 667 936 minime
692 892 734 936 ex
757 867 947 936 sacerdotio
970 892 1033 937 suo
1061 872 1282 938 excesserint.

160 973 253 1053 Quas
269 973 412 1065 quidem
427 976 580 1043 auctoris
598 974 711 1042 civilis
727 982 838 1066 partes
863 998 944 1043 cum
973 976 1049 1066 ipso
1076 976 1212 1045 Albano
1236 978 1283 1044 ita

159 1079 566 1165 habuitMaximilianuS‚
584 1088 623 1150 ut
652 1105 787 1169 semper
811 1106 831 1149 a
852 1081 966 1150 Gallia
989 1082 1184 1151 cavendum
1211 1107 1285 1153 esse

158 1188 373 1279 praedicaret,
401 1213 505 1279 quam
530 1213 639 1282 usquc
668 1189 878 1280 respiciebat
900 1191 999 1280 quasi
1024 1191 1285 1282 receptaculum

161 1294 256 1363 unde
277 1295 388 1386 Belgii
410 1296 527 1364 hostes
550 1319 730 1388 erumpere
753 1295 918 1364 solerent.
950 1296 1025 1364 Illic
1053 1319 1124 1363 nou
1151 1296 1284 1366 bellum
1316 1299 1318 1304 ’

159 1424 295 1471 sacrum
311 1404 421 1491 magis
436 1425 541 1493 quam
562 1402 783 1471 concordiam
807 1403 897 1470 inter
921 1404 1088 1471 factiones
1117 1405 1284 1473 reformi-

159 1509 276 1578 dabat.
293 1510 410 1577 Mense
423 1510 547 1578 Martio
567 1511 649 1577 anni
672 1512 769 1589 1568,
794 1511 896 1577 unice
922 1515 1131 1600 perterretur
1154 1511 1285 1579 auditis

158 1616 344 1708 colloquiis
360 1639 437 1708 quae
463 1617 505 1685 ad
525 1639 646 1707 pacem
665 1617 968 1709 Longemellinam
991 1625 1192 1695 evaserunt;
1218 1642 1286 1708 qua

157 1723 199 1792 de
213 1746 250 1790 re
264 1724 307 1790 ad
321 1723 497 1793 Albanum
510 1723 753 1794 memorialem
777 1725 964 1816 quemdam
979 1724 1020 1792 de
1043 1725 1150 1793 rebus
1174 1725 1286 1817 publi·

157 1831 208 1899 cis
223 1829 383 1898 libellum
398 1832 516 1911 mittit,
535 1856 607 1901 non
628 1833 703 1900 sine
728 1832 846 1899 nimiae
871 1831 1042 1900 libertatis
1064 1856 1136 1901 suae
1157 1832 1286 1901 defen-

159 1940 275 2007 sione:
305 1938 463 2007 -Cum
492 1941 540 2007 itu
563 1938 742 2032 publicum
770 1939 814 2007 sit
843 1939 976 2007 malum
1005 1945 1039 2007 et
1070 1939 1280 2029 perieulum,

159 2046 351 2137 inquiebat,
369 2052 408 2114 nt
423 2045 511 2138 ejus,
529 2049 557 2114 si
576 2046 618 2114 ad
634 2047 793 2115 effectum
814 2046 978 2136 eruperit,
996 2047 1167 2138 particeps
1178 2070 1283 2115 nemo

158 2176 230 2223 uon
245 2154 321 2222 lieri
337 2152 474 2232 debeat,
493 2154 575 2244 quid
592 2155 721 2222 mirum
742 2152 832 2243 quod
852 2153 1092 2244 unusquisque
1107 2154 1234 2244 pariter
1249 2161 1284 2223 et

158 2261 264 2330 verba
277 2267 313 2330 et
331 2261 392 2329 tali
412 2260 566 2353 periculo
588 2261 742 2329 remedie
763 2261 982 2351 interponat?
1004 2259 1091 2328 Cum
1114 2264 1281 2352 praeterea

159 2370 229 2438 mei
245 2369 317 2436 sint
331 2367 474 2452 ordinis
492 2369 520 2436 si
537 2392 607 2436 non
622 2391 672 2436 eae
687 2367 729 2435 de
745 2366 869 2457 quibus
884 2372 1029 2435 tractare
1045 2367 1081 2433 in
1102 2368 1219 2435 animo
1231 2374 1282 2436 est

158 2476 275 2559 rebus,
294 2481 329 2543 at
344 2480 445 2553 certe,
463 2475 584 2568 procul
599 2475 721 2561 dubio,
735 2475 908 2567 principes
920 2475 986 2541 istu
996 2474 1152 2564 pericula
1160 2498 1282 2567 exper-

158 2583 241 2666 turi,
258 2584 325 2651 hoc
352 2584 468 2673 ipsum
492 2606 593 2673 spero
622 2583 708 2649 mihi
738 2581 820 2649 satis
848 2582 1062 2649 excusationi
1091 2582 1164 2650 lore
1189 2583 1282 2650 ultra

155 2690 374 2783 provinciam
390 2712 505 2758 meam
521 2689 751 2757 committenti
768 2694 805 2756 ut
822 2690 1030 2757 sententiam
1045 2690 1220 2780 profitear.

200 2797 252 2865 De
269 2818 338 2885 qno
351 2799 467 2863 autem
484 2801 579 2864 tanto
595 2795 750 2887 periculo
766 2794 953 2886 agebatur?
968 2795 1125 2865 Jusserat
1139 2797 1281 2889 Philip-

155 2927 222 2998 pus
238 2902 413 2971 secundus
426 2902 602 2971 Albanum
618 2902 843 2970 Catharinam
857 2903 1047 2971 Mediceam
1058 2904 1163 2972 etiam
1175 2910 1279 2993 atque

155 3013 262 3081 etiam
278 3009 449 3078 deterrere
467 3033 509 3078 ne
524 3010 701 3102 pactiones
715 3032 796 3076 cum
812 3010 986 3079 haereticis
1001 3012 1129 3079 iaceret
1144 3019 1165 3080 ¹.
1178 3011 1278 3081 Adde

156 3117 250 3210 quod
265 3116 471 3185 Franciscus
497 3116 608 3185 Alava
632 3115 811 3185 Gallorum
838 3138 957 3208 regem
981 3123 1019 3184 ut
1043 3140 1064 3185 a
1087 3117 1278 3188 rebellibus

156 3248 276 3317 pinnas
292 3229 444 3293 sumeret
458 3224 671 3293 hortabatur.
688 3224 756 3292 Pro
774 3229 974 3314 quocontra
995 3223 1091 3292 audit
1113 3226 1278 3295 Maximi-

156 3314 389 3424 lianuS,capta
400 3331 473 3421 jam
488 3331 529 3398 ab
544 3331 717 3399 hereticis
733 3331 925 3400 Santonum
936 3330 1085 3422 Rupella
1099 3354 1279 3425 oppugua-

156 3448 261 3532 toque
278 3437 442 3517 Carnum,
468 3438 504 3504 iu
519 3459 559 3506 eo
574 3459 650 3506 esse
672 3438 789 3507 Gallos
818 3445 854 3506 ut
882 3439 972 3507 iuter
990 3460 1026 3506 se
1044 3442 1274 3511 consentiant.

155 3548 244 3631 Quae
274 3544 415 3636 quidem
444 3545 630 3613 concordia
662 3568 778 3613 noune
807 3545 926 3637 Belgio
950 3545 1068 3613 futura
1097 3553 1150 3616 est
1165 3547 1278 3617 detri-

154 3656 296 3724 mento?
307 3692 353 3703 -
364 3651 461 3720 Licet
487 3651 742 3744 profiterentur,
755 3654 813 3731 ait,
830 3651 920 3721 Galli
936 3675 971 3720 se
988 3652 1153 3724 dimicare
1166 3656 1274 3740 nolle,

153 3768 285 3831 tantam
301 3759 531 3828 nihilominus
547 3766 721 3829 retrorum
735 3759 997 3828 multitudinem
1008 3763 1274 3848 arcessiverunt‚

153 3880 193 3941 ut
206 3868 295 3938 nihil
309 3867 390 3937 inde
410 3889 559 3959 augurer
581 3867 675 3959 quod
703 3865 832 3935 honam
861 3866 1018 3937 redoleat
1043 3869 1274 3952 voluntatem,

154 3978 234 4047 illos
259 3981 393 4054 contra,
418 3975 485 4043 nisi
508 3975 635 4043 invitos
660 3981 694 4044 et
715 3998 831 4044 rerum
852 3975 970 4067 inopia
995 3982 1145 4056 coactos,
1175 3977 1278 4047 nobis

155 4086 271 4177 quieta
285 4104 358 4151 nou
372 4081 537 4151 movisse.
554 4122 599 4133 —
617 4082 673 4150 Illi
688 4084 805 4151 autem
828 4083 912 4151 retri
932 4082 1103 4152 Electoris
1125 4083 1275 4152 Palatini

183 4315 208 4367 1.
224 4315 301 4365 Gerr.
319 4313 352 4365 de
366 4312 488 4377 Philippo
502 4313 537 4374 ΙΙ,
553 4316 571 4364 t.
584 4312 610 4363 Ἰ.
