2968 5072
243 382 303 446 118
643 402 682 446 na
704 401 794 446 66611
816 400 966 447 eamean

287 543 487 611 Praesertim
502 541 544 610 ab
559 566 651 611 anno
668 545 754 614 1666
773 566 813 612 66
835 543 1077 612 vehementius
1101 542 1234 632 Regem
1263 540 1360 609 advo

242 654 298 717 cat
311 649 404 740 quod
419 672 473 717 res
490 655 575 717 tuno
592 660 674 717 6661
690 649 915 719 difficillimae.
939 651 1074 743 Reputa
1096 649 1225 740 quibus
1250 648 1359 716 turba-

241 779 321 824 rum
337 757 450 824 causis
465 756 508 825 ab
522 757 701 848 Bgmontii
717 757 831 825 reditu
853 756 921 847 (die
946 759 989 826 30
1014 757 1145 824 mensis
1160 777 1235 847 apr.
1266 755 1358 843 1666)

242 863 287 930 61
301 862 426 932 Albani
440 863 630 932 adventum
645 863 715 953 (die
726 867 769 931 22
783 864 915 932 mensis
928 864 1067 955 augusti
1086 864 1186 951 11161)
1204 862 1358 953 Belgium

241 970 588 1040 66611661616166611.
607 970 791 1062 Bgmoutio
811 971 964 1063 primum
990 971 1064 1038 Rex
1088 969 1268 1061 pollicitus
1292 973 1360 1036 erat

242 1099 277 1144 sc
293 1101 375 1146 mox
395 1078 431 1146 in
443 1075 604 1169 Belgium
625 1078 759 1145 iturum
783 1100 858 1146 esse
884 1083 931 1161 et,
965 1100 1047 1146 cum
1067 1078 1137 1146 hoc
1157 1075 1359 1167 Egmontius

243 1184 486 1262 nuntiavisset,
504 1184 564 1276 qui
588 1183 742 1276 Philippi
765 1185 952 1252 adventum
978 1183 1154 1275 optabant,
1179 1183 1247 1250 sibi
1272 1180 1359 1250 vide-

242 1290 368 1358 bantur
382 1291 426 1359 ad
454 1292 571 1384 ipsum
602 1291 732 1382 Regem
761 1313 863 1383 posse
897 1292 1048 1360 scribere
1077 1290 1163 1383 6611
1192 1292 1357 1382 optarent.

241 1396 503 1467 Maximilianus
519 1397 555 1464 in
571 1397 719 1489 epistola
738 1397 780 1466 de
796 1397 949 1488 Belgicis
964 1396 1069 1466 rebus
1084 1405 1118 1466 et
1132 1396 1307 1465 haereticis
1321 1395 1360 1463 ad

243 1504 448 1596 Philippum
460 1503 516 1573 die
534 1506 573 1572 18
598 1504 728 1572 mensis
750 1504 830 1596 julii
860 1509 947 1576 1566
972 1504 1110 1596 scripsit
1138 1503 1244 1572 rebus
1270 1501 1360 1571 resti·

243 1611 382 1680 tuendis
396 1634 437 1680 eo
453 1634 524 1680 non
541 1613 659 1680 minus
677 1634 765 1704 opus
781 1634 857 1680 esse
873 1635 978 1703 66616
993 1635 1083 1704 pane
1106 1610 1360 1679 vitaehumanae

243 1718 473 1796 sustinendae;
490 1719 615 1787 timere
633 1725 751 1787 autem
771 1742 808 1787 se
821 1743 865 1788 ne
881 1719 992 1787 serius
1010 1720 1084 1787 Rex
1098 1719 1235 1788 veniret
1249 1721 1271 1787 ⁴.

286 1823 398 1894 Paulo
422 1832 511 1918 post,
541 1825 660 1895 audito
687 1825 814 1893 Albani
840 1825 1107 1917 Catharinaeque
1130 1825 1295 1895 Mcdiceae
1322 1823 1360 1891 ad

242 1932 418 2024 Bajonam
431 1932 619 2024 colloquio,
638 1954 797 2024 proceres
816 1932 1000 2024 Orongius,
1018 1931 1220 2001 Ludovicus
1237 1934 1361 2002 Nassa-

242 2039 333 2122 vius,
350 2039 505 2108 marchio
526 2039 724 2130 Bergensis,
753 2039 920 2109 Nicolaus
948 2039 1090 2120 flames,
1119 2039 1359 2123 Brederodius,

245 2145 372 2214 Gillias
397 2146 565 2229 Clericus,
603 2147 821 2237 Egmontius‚
852 2147 1140 2230 Hocbstratanus,
1163 2147 1362 2216 Culembur-

244 2251 333 2344 gius,
345 2254 545 2335 HornanuS,
565 2254 818 2336 Gandavensis,
831 2264 911 2331 etc„
928 2255 1125 2322 timuerunt
1136 2277 1181 2323 ne
1197 2254 1359 2331 Albanus,

244 2365 284 2428 ut
298 2362 357 2453 qui
375 2361 573 2430 Catharinae
594 2361 812 2429 severitatem
837 2361 988 2429 suasisse
1008 2361 1192 2443 1116666166,
1216 2363 1252 2430 16
1274 2363 1362 2455 ipsos

245 2467 397 2558 primum
412 2467 561 2545 saeviret,
581 2471 616 2535 61
628 2466 872 2536 conventicula
886 2469 999 2560 Aquis
1017 2468 1264 2552 Lunensibus,
1290 2470 1364 2537 Via·
1458 2476 1459 2529 l

246 2595 299 2640 666
328 2578 363 2641 61
388 2573 548 2642 Antoniae
581 2573 746 2643 habuere.
786 2573 1047 2643 Maximilianus
1075 2598 1095 2643 6
1125 2575 1261 2668 Bergis,
1288 2598 1364 2643 cum

244 2679 431 2748 Antoniam
447 2702 483 2747 se
499 2680 717 2759 contulisset,
741 2677 801 2748 ubi
820 2682 992 2759 Meminit,
1022 2680 1154 2751 Colinio
1179 2682 1361 2776 propinqui

245 2786 476 2877 ethugonotis
493 2787 708 2870 amicissimi,
741 2811 823 2855 cum
852 2788 986 2857 Helena
1008 2787 1268 2872 Meloduncnsi,
1297 2790 1363 2857 filia

245 2893 411 2986 principis
427 2893 576 2985 Spineti,
601 2894 773 2963 haereticis
795 2918 932 2987 quoque
969 2895 1122 2988 propitii,
1152 2919 1250 2965 sacra
1275 2921 1364 2988 nup-
1458 2904 1459 2975 j

249 2999 345 3069 tialia
359 3006 468 3084 erant,
486 3002 605 3094 paucis
621 3007 701 3092 post
723 3002 844 3070 diebus
867 3002 1064 3071 Morillonio
1091 3005 1247 3072 narravit
1268 3005 1316 3072 ibi
1330 3027 1362 3071 se

246 3108 434 3177 nonnullos
445 3107 580 3176 nobiles
593 3109 687 3176 viros
702 3107 842 3192 vidisse,
859 3108 919 3199 661
931 3109 1009 3201 ipsi,
1025 3117 1166 3202 propter
1181 3112 1363 3204 signaBel-
1458 3130 1459 3133 ’

248 3216 333 3306 gicis
347 3215 550 3307 proceribus
566 3214 718 3300 insolita,
736 3216 773 3284 in
793 3216 1028 3308 suspicionem
1042 3218 1231 3286 venissent.
1249 3219 1362 3312 116666

249 3321 381 3390 6111111
399 3323 542 3414 Regem,
569 3321 639 3389 nisi
664 3323 761 3391 brevi
791 3324 934 3404 veniret,
965 3323 1127 3415 Belgium
1155 3326 1363 3395 amissurum

249 3451 333 3497 esse.
347 3427 580 3510 Morillonius,
596 3430 656 3519 qui
671 3438 789 3497 tamen
803 3431 933 3520 Regem
953 3453 1065 3498 unum
1089 3431 1243 3501 dominis
1259 3433 1361 3502 silen-

249 3537 339 3604 tium
352 3535 532 3626 imponere
548 3560 648 3629 posse
663 3540 802 3629 postero
819 3559 937 3605 meuse
953 3537 1101 3629 scripsit,
1125 3539 1246 3609 audito
1264 3542 1365 3609 Maxi-

249 3638 394 3711 miliano
409 3641 602 3733 obstupuit,
625 3649 670 3723 et,
695 3667 777 3712 cum
798 3644 1080 3737 archiepiscopus
1105 3647 1195 3735 nihil
1219 3649 1364 3737 amplius

251 3749 405 3831 dixisset,
424 3749 658 3840 suspicionem
671 3750 794 3818 habuit
804 3750 979 3843 eum-plus
993 3774 1095 3821 nosse
1110 3775 1215 3843 quam
1224 3755 1361 3824 diceret.
1458 3748 1459 3813 l

254 3857 556 3948 supervacaneum
573 3863 623 3925 est
639 3879 794 3947 quaerere
807 3880 912 3947 quam
925 3857 967 3926 ob
983 3882 1123 3928 causam
1138 3883 1208 3930 non
1219 3863 1364 3955 amplius

252 3961 512 4034 Maximilianus
544 3963 679 4044 dixerit,
710 3987 791 4032 eum
828 3966 896 4034 hoc
933 3970 1070 4034 tantum
1105 3967 1246 4053 diceret,
1277 3970 1364 4062 quod
1458 3970 1459 3983 ¹

253 4070 357 4141 multi
374 4067 446 4154 alii,
475 4071 607 4159 Regem
629 4094 740 4139 unum
757 4071 919 4162 Belgium
943 4073 981 4141 16
993 4073 1060 4144 fide
1076 4074 1230 4163 retinere
1244 4099 1363 4170 posse:

285 4314 309 4365 1.
326 4311 448 4375 Correcp.
462 4311 495 4361 de
504 4309 632 4375 Philippa
642 4310 678 4372 11,
691 4310 711 4374 1,
724 4324 750 4376 p.
763 4310 880 4363 366-361.
