2968 5072
218 509 277 568 131
619 520 657 564 nu
679 520 771 566 vaura
793 521 940 568 6111111111

218 666 389 738 alienatus
402 669 464 733 est.
477 663 641 733 Extremo
656 686 748 733 anno
763 667 860 736 1666.
888 664 1148 735 Maximilianus
1173 664 1227 733 illi
1253 667 1331 735 scri·

216 774 299 843 bere
318 771 459 849 destitit,
475 770 566 862 quod
580 793 653 839 non
667 772 786 856 miror,
800 772 848 840 ait
855 771 1084 850 Maritimus,
1099 794 1182 841 nam
1196 774 1331 841 1111116-

217 878 352 949 batensi
365 877 528 955 creditur,
553 899 764 970 magnopere
790 877 844 947 illi
874 880 982 946 iratus
1011 884 1097 946 est¹.
1124 879 1192 947 Sed
1215 882 1331 973 paucis

213 994 291 1079 post
306 984 427 1055 diebus
444 984 513 1076 (die
531 988 570 1055 31
592 984 722 1052 mensis
744 985 917 1055 decembr.
942 986 1042 1075 1566)
1066 984 1111 1071 ad
1133 985 1332 1055 Granvella-

215 1116 302 1162 num
315 1089 533 1161 Morillonius
548 1089 695 1160 addebat
709 1092 867 1161 arbitrari
885 1115 921 1161 se
937 1093 1223 1162 Cameracensem
1241 1094 1330 1184 gaii-

216 1222 337 1269 surum
352 1221 425 1268 esse
441 1199 470 1265 si
484 1199 557 1290 jam
571 1221 693 1266 rursus
708 1199 859 1268 scribere
871 1205 988 1291 posset
1002 1204 1037 1268 61
1062 1200 1150 1267 iram
1171 1199 1331 1268 mollitu-

215 1330 294 1377 rum
312 1303 420 1374 esse'.
439 1306 509 1374 Nec
533 1327 613 1373 eum
637 1305 782 1397 provida
808 1306 917 1374 futuri
947 1305 1073 1374 fefellit
1094 1307 1226 1399 opinio,
1251 1330 1330 1374 nam
1398 1378 1401 1386 ,

215 1412 471 1483 Maximilianus
487 1410 719 1481 Granvellano
748 1412 804 1481 die
822 1416 842 1480 1
860 1414 989 1482 mensis
1010 1413 1160 1502 januarii
1179 1415 1260 1483 1661
1278 1413 1331 1482 lit-

215 1525 306 1589 teras
319 1520 414 1588 misit
427 1526 450 1585 ⁸.

259 1628 466 1719 Quanquam
481 1623 701 1695 Morillonius
717 1626 947 1695 contendebat
961 1626 1330 1720 Maximilianumpro-

214 1735 350 1803 ceribus
367 1733 645 1826 conjunctiorem
660 1756 734 1802 esse
751 1756 856 1825 quam
871 1740 911 1802 ut
925 1733 967 1802 de
993 1733 1223 1802 Granvellano
1249 1759 1330 1826 quo-

214 1863 281 1933 que
297 1841 386 1909 bene
402 1846 606 1923 mereretur,
620 1863 638 1909 e
650 1840 948 1909 cardinalitiorum
964 1841 1113 1908 factione
1124 1842 1204 1909 fuit.
1218 1843 1329 1925 Quam

213 1952 330 2016 autem
346 1946 530 2039 diligenter
543 1947 763 2016 Morillonius
785 1947 1064 2017 Maximilianum
1080 1949 1179 2039 quasi
1205 1970 1330 2040 specu-

214 2055 362 2135 labatur,
392 2060 432 2123 ut
460 2053 691 2124 Granvellano
710 2054 859 2123 deferret
873 2054 1044 2147 quidquid
1060 2078 1141 2123 eum
1154 2055 1328 2124 nobilium
1393 2118 1396 2125 ⁴

214 2184 347 2230 causaa
363 2162 604 2230 Cameracensi
618 2161 809 2231 distrahere
824 2165 962 2253 posset!
979 2163 1059 2231 Non
1070 2163 1116 2231 ita
1131 2164 1329 2253 proceribus

214 2269 250 2336 in
265 2268 344 2337 odio
362 2291 435 2337 essa
454 2268 746 2351 Maximilianum,
764 2268 846 2337 licet
861 2269 968 2360 hujus
988 2269 1039 2337 rei
1063 2291 1242 2338 rumorem
1261 2271 1330 2356 ipse

214 2382 389 2467 spargeret
404 2383 432 2456 ⁴;
451 2376 564 2445 dicere
579 2398 614 2443 se
629 2398 719 2467 aegre
735 2376 929 2466 ferrequod
945 2376 1219 2445 Granvellanum
1234 2377 1332 2445 1166-

217 2488 280 2562 161,
300 2507 318 2548 1
334 2483 439 2572 quod,
458 2485 505 2550 ait
519 2482 667 2567 Morillo,
684 2482 772 2551 mihi
783 2506 906 2575 parum
921 2482 960 2551 fit
973 2483 1164 2552 verisimile
1177 2485 1198 2551 ⁵.
1217 2485 1331 2554 »Cum

214 2588 475 2657 Maximilianus
488 2611 646 2680 proceres
663 2590 895 2661 Granvellano
909 2590 1133 2659 reconciliare
1151 2593 1331 2682 cogitavis-

215 2702 277 2778 set,
295 2694 511 2764 Morillonius
525 2697 642 2766 statim
654 2695 822 2765 cardinali
841 2696 1069 2765 diffidendum
1085 2699 1237 2789 scripsit,
1253 2722 1330 2768 eum

216 2807 310 2871 enim
323 2802 534 2872 cantilenam
550 2826 685 2895 semper
705 2805 864 2873 eamdem
875 2827 1010 2883 canere,
1026 2805 1214 2873 cardinalis
1230 2828 1332 2899 opera

216 2910 454 3005 marchionem
469 2910 678 3002 Bergensem
694 2918 727 2981 61
742 2911 950 2981 Montinium
967 2913 1040 3003 (qui
1056 2921 1140 2980 tune
1161 2913 1198 2979 in
1212 2914 1332 3006 Hispa-

216 3017 273 3085 nia
287 3019 389 3109 quasi
404 3019 530 3110 captivi
544 3021 653 3109 erant)
671 3020 706 3088 in
725 3020 888 3111 Belgium
904 3019 1133 3096 revocando&
1161 3043 1197 3088 se
1216 3026 1331 3089 autem

218 3124 344 3194 dixisse
364 3149 434 3194 non
459 3127 506 3194 ita
531 3149 611 3195 cum
633 3126 863 3196 Granvellano
885 3126 1133 3218 paciscendum
1157 3149 1245 3206 esse,
1275 3127 1332 3219 qui

218 3254 292 3300 rem
305 3238 377 3300 tam
392 3232 573 3324 indignam
589 3257 661 3301 non
676 3242 817 3303 acturus
832 3240 922 3302 esset
933 3231 955 3300 ⁸.
973 3235 1069 3301 Tunc
1081 3240 1197 3302 autem
1211 3235 1334 3302 Moril-

218 3338 333 3406 lonius
363 3341 569 3409 memoriam
607 3341 769 3409 amiserat
800 3340 955 3433 epistolae
986 3339 1072 3408 olim
1101 3341 1331 3410 Granvellano

219 3448 366 3539 scriptae,
382 3470 449 3538 qua
465 3447 763 3518 demonstraverat
775 3455 905 3539 quanto
923 3444 1193 3517 Granvellanum
1213 3473 1332 3541 proce-

220 3554 315 3622 ribus
341 3555 599 3624 Maximilianus
629 3555 873 3633 antehaber·et;
901 3556 1172 3638 Cameracensis,
1207 3557 1329 3638 aiebat,

221 3660 308 3729 mihi
335 3660 422 3729 dixit
445 3663 619 3756 expedire,
650 3686 730 3730 cum
752 3664 821 3731 huc
846 3665 920 3733 Rex
947 3662 1111 3745 venisset,
1137 3669 1170 3730 te
1198 3687 1332 3756 quoque

185 3900 193 3915 ⁹
249 3926 272 3988 1.
286 3935 409 4000 Gcrrcap.
421 3935 454 3986 de
466 3933 612 3996 1116666116,
625 3932 657 3997 11,
669 3949 695 3998 p.
712 3933 765 3984 166

251 4033 354 4096 albia,
378 4033 411 4097 II,
426 4049 452 4098 p.
470 4033 526 4086 198.

252 4135 276 4185 3.
286 4133 353 4194 ibid,
367 4133 400 4195 11,
415 4148 441 4196 p.
456 4132 513 4183 204.

249 4234 273 4285 4.
288 4232 399 4296 Papierc
413 4222 514 4290 ararat,
530 4229 600 4291 VllI,
614 4244 643 4293 p.
657 4228 713 4282 270.

252 4327 553 4393 5.1bid.,v111,p.296.
673 4318 676 4323 ’

251 4431 276 4482 6.
292 4429 413 4494 Gorreap.
430 4428 463 4479 de
473 4426 623 4490 6116666116,
633 4427 665 4489 II,
680 4443 704 4492 p·
720 4429 776 4482 553.
876 4440 883 4465 ¹
