2958 5076
360 432 546 477 aerummis
567 431 767 477 vrnaurnms
790 432 989 478 orrnnmums
1179 421 1234 481 101

112 575 201 644 ticos
218 576 392 660 cohibeat,
424 574 560 643 scholas
585 580 618 642 et
644 575 883 666 eleemosynas
909 575 1058 644 condere
1086 579 1231 671 cogitat3

14 730 19 739 -
112 682 264 774 deniqne
280 683 463 751 haereticos
477 687 539 750 aut
554 683 631 772 ipse
641 689 701 750 aut
715 705 775 774 per
786 703 789 709 ·
800 681 931 773 legatos
949 706 1030 752 snos
1053 684 1096 751 ad
1112 687 1234 754 catho-

114 790 220 859 licam
236 790 340 858 fidem
355 790 567 859 cohortatur.
585 789 673 859 Cum
688 794 804 857 autem
817 789 1012 858 Valentiam
1018 815 1033 857 s
1047 790 1235 860 calviniani

113 896 194 989 plus
210 896 381 989 pollerent
401 920 508 987 quam
522 903 561 964 ut
584 896 856 964 aMaximiliano
883 903 943 964 aut
965 899 1043 988 ejus
1065 897 1235 967 ministris

114 1004 408 1096 opprimerentur,
423 1004 458 1071 vi
471 985 608 1072 tantum
623 1003 770 1093 subjecti
784 1009 876 1071 sunt.
975 1088 977 1094 ,

160 1111 248 1179 Cum
275 1111 537 1179 Maximilianus
568 1109 752 1202 episcopus
785 1111 1043 1179 Cameracensis
1077 1110 1233 1181 delectus

113 1224 179 1295 est,
195 1218 333 1309 jamdiu
348 1216 564 1288 Valentianis
582 1217 738 1285 haeretici
767 1223 876 1285 erant.
901 1218 965 1285 Hic
990 1218 1095 1286 fidem
1117 1220 1236 1288 catho-

114 1326 222 1394 licam
237 1332 431 1393 mercatura
443 1323 610 1417 perdidit;
625 1348 667 1393 ex
680 1323 740 1392 illa
759 1325 854 1391 enim
872 1324 1012 1392 civitate
1025 1332 1237 1393 mercatores

115 1431 339 1501 Germanicas
352 1431 468 1510 urbeS,
486 1431 579 1511 unde
599 1431 803 1499 lutheranos
822 1431 931 1498 libros
951 1432 1156 1510 referebant,
1177 1439 1238 1500 aut

116 1539 284 1607 Germani
294 1545 504 1606 mercatores
518 1536 753 1620 valentianas,
766 1537 877 1605 libros
891 1537 1031 1606 eosdem
1042 1540 1235 1622 afferentes,

115 1645 350 1714 celebrabant.
367 1649 418 1714 Ab
433 1668 526 1713 anno
543 1648 629 1714 1545
647 1645 837 1712 calviniani
859 1645 1037 1737 pollebant
1066 1652 1099 1712 et
1131 1636 1237 1714 haere·

115 1754 196 1820 ticae
210 1759 310 1820 sectae
325 1753 557 1834 increverunt,
576 1751 668 1842 quod
686 1752 769 1819 huic
785 1752 835 1818 rei
848 1753 1042 1842 praesertim
1058 1754 1237 1843 magistra-

116 1867 174 1926 tus
188 1859 348 1928 studebat
363 1865 402 1927 nt
417 1860 569 1927 civitatis
580 1857 660 1949 jura
674 1864 707 1925 et
727 1858 911 1949 privilegia
931 1864 1098 1927 tueretur.
1117 1860 1237 1952 ltaque

115 1965 272 2058 Philippi
288 1967 392 2056 Regis
406 1966 561 2032 ministri
577 1969 731 2057 primum
751 1965 937 2032 haereticos
955 1965 1112 2057 expedite
1124 1990 1238 2058 perse-

115 2074 175 2166 qui
189 2096 261 2140 non
275 2078 474 2164 potuerunt,
489 2072 570 2139 licet
585 2073 785 2139 institutum
799 2077 889 2140 esset
903 2078 942 2140 ut
956 2073 1180 2164 magistratus
1194 2073 1236 2143 de

116 2180 215 2247 omni
230 2203 267 2247 ro
280 2180 455 2248 criminali
476 2185 536 2246 aut
565 2179 660 2246 civili
690 2183 925 2269 cognosceret,
957 2184 1082 2269 praeter
1110 2178 1237 2249 delicta

115 2310 193 2377 quae
208 2287 251 2355 ad
268 2287 473 2379 religionem
488 2292 662 2379 spectant:
681 2308 759 2354 oum
776 2286 870 2352 enim
884 2283 926 2352 de
941 2285 1044 2354 rebus
1060 2287 1236 2356 haereticis

115 2395 246 2486 agitur,
260 2392 392 2485 legatos
405 2395 478 2461 Rex
491 2394 614 2471 mittit,
626 2393 684 2483 qni
697 2415 767 2461 una
777 2414 858 2460 cum
869 2393 1022 2460 civitatis
1032 2394 1237 2484 magistratu

110 2500 287 2591 judicent;
316 2499 421 2569 iidem
446 2505 562 2568 autem
591 2500 763 2590 majorem
792 2499 919 2567 habent
954 2500 1196 2568 auctoritatem
1211 2502 1233 2567 ¹.

159 2607 248 2677 Cum
264 2609 338 2676 Rex
353 2613 386 2675 et
403 2607 586 2699 Margarita
606 2612 786 2699 sperarent
806 2606 1087 2675 Maximiliannm
1107 2630 1234 2699 magno

113 2714 316 2805 adjumento
332 2716 490 2782 futurum
506 2737 581 2781 esse
595 2713 637 2781 ad
656 2712 864 2782 catholicam
884 2714 988 2782 fidem
1019 2714 1234 2782 Valentianis

113 2820 378 2899 restituendam,
396 2821 618 2889 vehementer
636 2844 716 2888 eum
736 2820 964 2888 hortabantur
986 2827 1080 2889 uteo
1106 2822 1234 2912 saepius

114 2930 178 2997 iret
193 2935 227 2997 et
242 2951 321 2996 cum
338 2928 538 2996 marchione
553 2929 731 3018 Bergensi,
750 2926 1040 2996 Valentianarum
1051 2929 1228 3019 praelecto,

114 3034 386 3127 colloqueretur.
406 3034 655 3103 Granvellanns
676 3036 760 3126 Regi
782 3033 837 3102 die
856 3039 874 3101 l
895 3036 1026 3101 mensis
1040 3034 1233 3104 decembris

115 3145 201 3214 1560
227 3140 347 3209 scribit
371 3142 574 3232 episcopum
602 3148 636 3209 et
671 3142 909 3209 marchionem
939 3142 1013 3231 jam
1045 3141 1082 3208 in
1114 3141 1232 3209 animo

113 3249 245 3320 habere
257 3256 297 3317 ut
312 3250 471 3341 proxima
486 3246 673 3317 Nativitate
702 3248 929 3316 valentianas
949 3254 1030 3316 eant
1042 3270 1232 3341 eorumque

114 3357 263 3426 consilio
279 3357 416 3424 laetatur
427 3356 449 3424 ¹.
468 3356 534 3424 Sed
549 3379 641 3423 anno
667 3356 825 3447 sequenti
849 3354 1007 3422 nondum
1030 3356 1095 3423 iter
1118 3374 1234 3424 snsce-
1267 3414 1272 3425 .

112 3468 237 3557 perant
251 3471 285 3532 et
296 3463 388 3556 apud
404 3464 533 3554 Regem
555 3463 739 3554 Margarita
768 3460 934 3529 iracunde
961 3469 1045 3531 tunc
1073 3463 1233 3554 queritur

113 3572 273 3640 nondum
288 3594 348 3638 eos
362 3592 437 3639 esse
454 3572 640 3663 proiectae,
671 3570 714 3638 ob
737 3570 877 3661 propria
892 3569 1052 3661 quaedam
1078 3571 1231 3662 negotia,
1276 3574 1279 3581 ’

112 3679 193 3747 lieet
209 3679 253 3745 iis
277 3679 348 3769 jam
369 3677 515 3745 dixisset
541 3677 630 3744 nihil
655 3676 759 3744 rebus
790 3675 996 3745 Valencenis
1024 3684 1234 3770 anteponen-

113 3786 216 3869 dum3
233 3807 314 3852 curn
330 3791 448 3852 autem
461 3784 658 3867 institisset,
677 3806 736 3850 eos
755 3782 851 3850 brevi
873 3782 957 3851 illuc
986 3784 1097 3852 ituros
1121 3807 1234 3877 spera·

113 3893 171 3962 bat
188 3892 258 3985 (die
272 3896 291 3959 5
307 3892 439 3959 mensis
455 3891 538 3958 maii
561 3892 661 3980 lter)
675 3896 698 3957 ³.

144 4063 171 4112 1.
189 4064 315 4121 cacum,
331 4060 540 4110 Reckercteasur
551 4059 589 4109 les
602 4060 767 4113 institutione
775 4059 924 4127 poliliquea
939 4060 971 4111 de
994 4061 1188 4113 Votencicanea.
1202 4088 1233 4098 -

113 4144 261 4203 Perennae,
276 4140 392 4190 Histoire
408 4141 453 4191 dee
465 4139 580 4190 troubles
589 4140 721 4204 rettqieux
735 4141 767 4191 dc
782 4140 972 4203 Velamima,
990 4142 1012 4204 1,
1027 4157 1053 4207 p.
1069 4142 1108 4193 14.

143 4242 170 4291 2,
182 4241 295 4304 Popiera
305 4236 395 4289 catat
411 4237 443 4288 dc
461 4237 609 4299 Grannona,
627 4236 785 4302 v1,p.211.

142 4340 167 4392 3.
184 4339 307 4402 Gorrecp.
322 4336 527 4399 daldorquerite
542 4335 705 4398 d'Autriclm
723 4336 743 4397 l,
759 4352 785 4401 p.
802 4336 858 4387 478.
