2958 5076
596 1006 744 1079 CAPUT
773 1008 800 1077 V

138 1364 312 1433 QUOMODO
331 1364 593 1422 MAXIMILIANUS
616 1366 755 1421 HAERESI
773 1366 811 1422 IN
829 1366 1075 1423 canuancnsto
1094 1368 1255 1426 GAMERA·

278 1472 469 1541 cndslsouu
494 1471 672 1528 EGGLESIAE
692 1473 885 1534 PROVINCIA
905 1474 1114 1532 OBSTITERI'I'

174 1812 438 1904 Arohiepisoopi
455 1832 593 1902 quoque
609 1810 781 1880 haereticis
805 1809 965 1879 resistere
985 1811 1141 1881 officium
1164 1820 1252 1898 erat,

133 1927 238 2014 atque
261 1919 310 1988 ita
328 1920 364 1987 in
393 1919 631 1988 Cameraoesio
653 1918 764 1986 autin
786 1917 970 1987 Hannonia
992 1918 1034 1987 iis
1053 1919 1254 1990 adversatus

132 2035 196 2099 est.
224 2033 360 2095 utnon
385 2026 526 2095 omnino
551 2026 707 2117 pristinae
742 2024 1002 2117 tranquillitatis
1028 2027 1252 2096 restituendae

132 2134 318 2226 imperitus
331 2133 521 2203 videretur.
540 2134 628 2203 Cum
647 2131 877 2201 Maximiliani
901 2138 934 2201 et
953 2133 1204 2225 archiepiscopi
1218 2142 1253 2204 et

130 2241 298 2335 principis
319 2240 507 2333 imperium
535 2242 625 2309 inter
648 2239 729 2308 illos
752 2238 864 2330 Belgii
886 2241 1060 2308 tumultus
1081 2240 1252 2331 periclita-

130 2354 240 2433 retur,
258 2349 370 2440 magis
384 2347 460 2438 ejus
474 2371 539 2440 pax
554 2347 693 2440 publiea
702 2346 866 2415 intererat
878 2369 983 2437 quam
997 2353 1037 2415 ut
1052 2348 1083 2416 ei
1096 2347 1252 2440 Philippi

131 2457 282 2524 ministri
297 2477 398 2524 aures
415 2477 486 2524 non
499 2455 704 2546 praeberent.
725 2453 833 2523 Aliud
849 2458 966 2524 autem
980 2453 1015 2522 in
1030 2478 1093 2523 sua
1108 2457 1250 2547 provin·

130 2565 183 2632 oia
198 2564 281 2655 egit,
296 2561 391 2631 aliud
402 2583 465 2655 pro
480 2568 552 2630 toto
569 2561 690 2653 Belgio
706 2562 832 2630 suasit:
850 2559 887 2628 in
907 2560 1142 2630 Gameraoesio
1155 2562 1249 2631 enirn

130 2692 272 2739 severus
284 2670 362 2753 fuit,
378 2670 414 2738 in
433 2675 506 2737 toto
520 2668 640 2760 Belgio
663 2691 718 2737 ros
739 2668 995 2761 componendas
1019 2692 1080 2761 per
1099 2668 1250 2738 clemen-

130 2776 213 2845 tiam
229 2776 403 2846 oensobat.
419 2777 566 2846 Severus
581 2781 697 2844 autem
713 2781 748 2844 et
769 2775 923 2845 clemens
935 2775 1118 2846 eeclesiam
1133 2776 1249 2844 catho-

129 2884 304 2976 licamque
318 2882 421 2953 fidem
436 2885 558 2976 utique
572 2884 709 2953 firmare
724 2882 854 2953 voluit:
872 2888 976 2975 atque
989 2883 1038 2951 ita
1048 2906 1102 2952 res
1116 2888 1151 2951 et
1163 2887 1249 2952 tom·

129 3013 215 3085 pora
235 2996 372 3059 mutua
396 2997 493 3059 orant
516 2997 556 3059 ut
575 2990 658 3060 satis
685 2988 834 3083 intelligi
854 2990 964 3083 possit
983 3013 1045 3059 our
1068 3014 1089 3058 a
1110 3013 1146 3059 se
1171 2990 1247 3081 ipso

129 3098 312 3168 dissentire
327 3095 522 3182 videretur3
541 3098 689 3191 denique
711 3099 845 3167 saevitia
868 3121 937 3189 qua
960 3097 996 3165 in
1011 3096 1247 3168 Cameraoosio

130 3229 214 3274 usus
229 3211 281 3275 est
294 3205 466 3295 majorem
483 3206 515 3274 oi
527 3205 768 3275 auctoritatem
782 3204 888 3285 dedit,
909 3211 948 3273 ut
962 3207 1081 3297 postea
1096 3204 1248 3273 clemon-

129 3313 214 3381 tiam
230 3311 446 3406 predicaret.

128 3686 159 3749 {⁰
189 3680 325 3750 Furious
357 3680 487 3749 Garun
520 3700 747 3748 cosroorsruns
779 3701 821 3746 an
856 3676 959 3746 Gonu
988 3701 1150 3749 sueonorr
1183 3703 1248 3750 cun

435 3785 596 3856 Gunusirs
624 3808 661 3856 sn
683 3808 938 3856 consurasnrnr.

172 4054 333 4124 Primum
350 4053 404 4124 illi
428 4060 503 4125 erat
523 4055 802 4126 Cameraoesium
825 4054 1082 4126 defendendum
1101 4079 1122 4126 a
1138 4055 1248 4126 Gallis

128 4160 345 4247 calvinianis,
368 4163 430 4255 qui
451 4163 648 4248 cameraco
666 4162 816 4234 Castello
837 4164 1077 4234 cameracensi
1098 4164 1243 4257 aliisque

129 4268 360 4341 Cameraoesii
374 4270 522 4341 urbibus
541 4277 576 4341 et
597 4270 799 4341 haeretioam
820 4276 952 4364 pestem
972 4276 1007 4340 et
1026 4294 1121 4340 arma
1137 4272 1247 4340 inton-
