2958 5076
534 431 659 478 sruonrs
682 431 891 479 convocluurs
1232 409 1271 470 61

150 565 334 653 ducebant,
352 578 386 639 et
401 574 641 644 resistentibus
655 574 731 666 ipsa
743 576 879 644 ducissa
892 573 1088 643 Parmensis
1102 571 1273 641 assentie-

148 672 205 740 bat
220 673 241 741 ¹.
258 676 324 744 Sed
338 702 429 746 anno
446 685 533 751 1565
554 668 698 751 Concilii
713 682 907 751 Tridentini
926 681 1116 773 publicatio
1138 680 1174 746 in
1191 676 1270 746 Bel·

147 779 203 870 gio
219 781 354 852 decreta
369 794 420 854 est
433 793 467 855 et
481 789 535 856 die
549 793 592 857 24
603 791 733 858 mensis
749 790 838 881 junii
856 791 892 857 in
907 813 970 857 sua
988 786 1166 880 provincia
1182 785 1269 852 Con-

147 886 270 958 cilium
286 891 464 981 publicare
484 896 745 965 Maximilianus
758 898 876 988 jussus
892 905 942 965 est
956 896 979 962 ¹.

191 995 269 1065 lam
285 1000 459 1090 synodum
475 1004 727 1093 provincialem
742 1005 893 1072 indicere
912 1001 1172 1071 Maximilianus
1187 1022 1270 1068 cou-

148 1105 308 1173 stituerat
321 1130 359 1173 ac
375 1109 438 1175 sub
455 1109 561 1178 finem
574 1112 656 1178 anni
674 1115 758 1180 roal
778 1112 819 1180 de
846 1135 886 1179 ea
902 1134 938 1179 re
954 1109 1062 1178 Duaci
1077 1131 1159 1176 eum
1174 1108 1270 1198 epis—

148 1234 235 1303 copo
251 1214 464 1282 attrebatensi
480 1222 513 1284 et
529 1241 673 1285 suorum
697 1220 995 1309 suffraganeorum
1016 1215 1137 1307 legatis
1155 1213 1269 1282 collo-

148 1325 250 1386 cutus
279 1331 387 1389 erat⁸.
423 1324 579 1391 Primum
611 1324 654 1391 ad
684 1327 828 1394 tertium
862 1332 939 1393 aute
973 1323 1142 1391 Pascham
1176 1321 1267 1388 diem

148 1427 321 1518 synodum
336 1427 475 1512 indixit3
503 1431 560 1499 sed
587 1454 668 1499 mox
694 1456 771 1499 earn
787 1432 946 1523 protulit,
977 1456 995 1496 a
1022 1431 1267 1522 quiapropter

146 1540 256 1602 certas
271 1536 397 1603 arduas
408 1545 440 1606 et
457 1561 577 1631 graves
593 1562 724 1623 causaS,
747 1562 824 1630 quae
852 1563 872 1607 a
892 1538 1070 1631 perpaucis
1095 1537 1179 1604 citra
1194 1535 1265 1602 die·

147 1642 212 1709 bus
229 1642 452 1725 obvenerant,
480 1646 571 1714 dicta
595 1646 668 1714 dies
691 1647 795 1715 rebus
818 1645 980 1737 gerendis
1003 1644 1160 1712 nondum
1183 1640 1265 1709 satis

146 1750 330 1818 commoda
345 1752 418 1820 iore
433 1751 621 1821 timebatur
636 1760 738 1846 atque
758 1753 937 1821 nonnullis
949 1753 1026 1844 ejus
1047 1749 1264 1842 comprovin-

145 1856 293 1926 cialibus
308 1860 425 1927 minus
438 1867 634 1952 opportuna
648 1859 669 1926 ⁴.
688 1886 706 1926 »
732 1861 950 1928 Morillonius
973 1865 1089 1927 autem
1109 1860 1168 1950 qui
1185 1882 1265 1926 cau-

145 1966 204 2047 sis,
236 1987 324 2055 quas
352 1966 535 2057 profitetur
565 1967 836 2051 Maximiliaous,
867 1990 935 2035 non
958 1968 1062 2035 nimis
1090 1967 1263 2038 confidere

145 2072 247 2149 solet,
263 2072 443 2141 contendit
455 2097 537 2141 eum
553 2075 725 2166 synodum
738 2074 925 2166 protulisse
938 2099 956 2140 ‹
970 2080 1009 2141 ut
1020 2074 1111 2164 regis
1125 2096 1264 2167 exspec-

145 2184 235 2247 taret
248 2181 453 2248 sententiam
469 2204 572 2273 super
592 2182 825 2272 publicatione
843 2181 987 2250 Concilii
1002 2180 1023 2246 ⁸.
1042 2205 1061 2247 »
1078 2183 1165 2249 Cum
1181 2205 1262 2252 vero

143 2286 266 2378 synodi
296 2286 555 2355 Cameracensis
589 2289 655 2356 luit
687 2288 839 2370 initium,
866 2287 1128 2356 Maximilianus
1157 2290 1261 2381 Regis

143 2394 349 2462 sententiam
364 2393 406 2463 de
419 2396 556 2464 concilii
573 2395 806 2486 publicatione
826 2396 1001 2487 cognitam
1021 2395 1147 2463 habere
1165 2404 1260 2488 pote·

141 2507 204 2581 rat,
223 2502 282 2569 sed
298 2503 490 2592 Margaritae
505 2502 648 2581 litteras,
668 2504 776 2594 pridie
792 2509 928 2571 tantum
947 2503 1081 2584 missas,
1101 2503 1258 2572 noudum

142 2614 330 2701 receperat.

186 2716 576 2786 Maximilianusautem
602 2740 672 2785 non
699 2719 771 2809 jam
800 2722 937 2785 tantum
966 2715 1081 2785 valere
1111 2717 1258 2787 Concilii

141 2823 414 2915 publicationem
428 2824 670 2904 arbitrabatur,
686 2830 725 2893 ut
739 2825 775 2890 in
791 2822 995 2914 provinciali
1015 2824 1145 2913 synodo
1158 2824 1259 2893 resis-

140 2936 250 2999 tentes
273 2933 480 3000 contineret.
512 2932 632 3024 ltaque
662 2931 854 3022 Margaritae
884 2931 1020 3021 scripsit
1046 2954 1082 2999 se
1107 2955 1256 3023 suosque

139 3041 375 3130 suffraganeos
390 3040 576 3120 censuisse,
593 3062 660 3129 quo
673 3039 786 3130 major
802 3039 891 3106 foret
911 3036 962 3103 illi
984 3037 1127 3105 Concilii
1146 3039 1258 3129 publi·

140 3146 267 3214 cationi
289 3147 490 3223 auctoritas,
515 3145 724 3214 mittendum
749 3144 906 3214 nobilem
932 3144 1059 3226 virum,
1077 3145 1136 3236 qui
1153 3146 1257 3237 Regis

140 3253 358 3321 voluntatem
365 3253 401 3320 in
417 3253 546 3345 syuodo
562 3251 773 3321 declararet:
792 3253 839 3320 ita
850 3251 1131 3320 enimaudaciam
1144 3253 1256 3345 lrangi

139 3383 251 3452 posse,
270 3359 298 3427 si
313 3359 390 3451 quis
403 3361 453 3428 rei
474 3366 543 3427 tam
567 3359 735 3456 laudabili
752 3359 918 3427 obsistere
937 3358 1055 3435 vellet,
1072 3363 1106 3426 et
1125 3360 1255 3451 eosqui

140 3467 409 3535 mirarenturres
416 3467 545 3534 multas
559 3466 595 3534 in
609 3466 753 3535 ecclesia
769 3466 939 3543 renovari,
956 3465 999 3532 ad
1012 3465 1149 3533 decreta
1167 3466 1256 3534 Cou-

138 3574 209 3642 eilii
225 3574 360 3643 sincere
375 3573 573 3666 accipienda
588 3574 699 3663 magis
712 3574 941 3641 inclinaturus
956 3572 976 3640 ⁰.

181 3685 328 3751 Summo
349 3681 457 3773 igitur
477 3704 557 3749 cum
588 3681 713 3772 gaudio
738 3679 996 3748 Maximiliauus
1022 3680 1155 3747 audivit
1184 3682 1254 3771 (die
1321 3714 1324 3721 ¹

169 3845 190 3895 t.
203 3845 254 3896 Tu.
266 3844 360 3904 Jcsra,
375 3845 421 3894 Lea
436 3844 577 3907 Papa-Bne
588 3858 650 3892 coru
662 3841 785 3908 Philippa
800 3842 833 3901 ll,
846 3843 864 3890 t.
878 3843 897 3898 1,
916 3855 940 3904 p.
955 3839 1073 3891 cot-459,

165 3944 190 3994 2.
206 3945 314 4007 Pupiam
326 3941 417 3994 dlc‘tot
432 3943 500 3992 etde
515 3941 675 4002 tAudience,
693 3939 748 4002 238,
766 3954 791 4002 p.
807 3938 837 3989 29
851 3937 927 3990 etsst.

167 4043 191 4094 3.
207 4045 316 4106 Papiam
332 4041 422 4091 aneae
438 4041 469 4091 de
481 4039 631 4100 Grcnvetle,
642 4037 710 4099 vul,
725 4051 751 4101 p.
766 4036 824 4088 532.

165 4144 190 4192 4.
205 4142 306 4201 Lanam
321 4140 379 4201 XV,
392 4156 415 4204 p.
435 4139 489 4189 182.

165 4239 188 4291 5.
200 4241 312 4306 rapiere
324 4237 417 4289 dlc‘tat
432 4239 464 4289 de
479 4235 630 4298 Granuclle‚
645 4235 690 4295 tx,
702 4249 728 4300 p.
745 4232 799 4284 163.

158 4340 185 4392 a,
200 4341 310 4405 Papiam
319 4337 410 4388 d'la'tct
419 4339 446 4387 et
457 4337 490 4387 de
501 4333 663 4393 t'Audieuce,
676 4332 733 4391 238,
749 4347 773 4396 p.
786 4332 828 4388 at.
