2958 5076
241 386 281 449 sa
561 401 706 454 cuonone
728 401 845 447 annasr
866 400 1039 449 oasrrrnmr

286 542 477 611 Calviniani
497 548 613 612 autem
633 544 707 613 Deo
732 545 973 636 potiusquam
995 541 1202 612 hominibus
1229 562 1357 632 semper

240 650 467 719 obsecuturos
490 674 526 719 se
549 650 730 720 dicebant¹
761 659 797 720 et
827 674 908 719 cum
938 649 1101 718 ecclesias
1128 647 1356 728 Valentianis,

239 757 450 851 Antverpiae,
481 757 650 841 Gandavi,
686 759 833 827 Tornaci
868 764 901 827 et
940 759 977 826 S.
1012 756 1177 835 Amandi,
1223 755 1357 825 nemine

239 864 459 958 impediente,
475 871 625 933 vastatas
646 864 848 947 audiissent,
867 866 923 933 die
944 867 986 933 26
1005 864 1135 932 mensis
1157 863 1311 955 augusti,
1325 863 1357 930 in

239 972 361 1040 urbem
399 971 602 1065 Philippum
647 971 885 1049 admiserunt3
917 972 947 1039 is
983 994 1063 1038 cum
1093 970 1216 1038 multis
1256 969 1359 1038 Gallis

239 1080 274 1149 S.
292 1078 431 1149 Martini
447 1079 630 1147 ecclesiam
654 1080 766 1171 petiit,
789 1102 865 1170 quae
895 1083 968 1146 tota
989 1083 1120 1146 vastata
1135 1083 1200 1159 est,
1226 1075 1307 1145 dein
1330 1078 1361 1144 in

240 1188 315 1279 ipsa
329 1184 487 1269 ecclesia,
511 1208 580 1277 quo
600 1207 748 1278 magnus
768 1187 879 1254 iactus
895 1195 968 1254 erat
986 1185 1115 1253 civium
1139 1207 1179 1252 ac
1197 1183 1361 1252 suburba-

241 1317 382 1378 norum,
398 1293 458 1385 qui
475 1291 518 1360 ad
538 1294 653 1362 lorum
673 1294 941 1362 frumentarium
955 1298 1134 1371 venerant,
1158 1314 1359 1374 concursus,

243 1401 443 1492 praedicavit
461 1407 492 1468 et
509 1405 579 1468 tres
590 1400 851 1492 hugonotorum
867 1401 938 1468 ritu
953 1399 1138 1492 baptizavit
1152 1399 1175 1466 ¹.

286 1507 469 1591 Quomodo
485 1505 746 1575 Maximilianus
773 1507 962 1576 Castellum
988 1507 1025 1574 iu
1045 1530 1144 1575 suam
1158 1513 1363 1599 potestatem

153 1691 155 1697 ¹
244 1620 277 1684 et
292 1613 502 1684 catholicam
517 1613 701 1682 ecclesiam
722 1615 875 1706 redegit?
899 1615 963 1682 Die
991 1617 1031 1683 28
1061 1615 1192 1682 mensis
1211 1615 1361 1704 angusti,

243 1744 323 1790 cum
337 1720 451 1790 adhuc
466 1720 549 1811 quid
563 1720 618 1789 die
642 1724 684 1791 26
713 1729 828 1789 actum
848 1727 937 1788 esset
967 1719 1154 1812 ignoraret,
1186 1723 1365 1812 magistra-

245 1834 320 1896 tum
336 1851 397 1921 per
410 1827 542 1895 litteras
558 1828 662 1919 jussit
678 1828 741 1896 has
771 1828 993 1896 condiciones
1020 1828 1229 1896 calvinianis
1247 1851 1366 1919 propo-

244 1958 326 2005 nere
347 1941 386 2003 ut
406 1934 459 2002 illi
480 1941 514 2003 et
541 1934 736 2028 principem
756 1958 1003 2027 summumque
1033 1935 1216 2003 dominum
1239 1937 1366 2004 archie-

242 2045 427 2137 piscopum
441 2047 664 2133 agnoscerent
692 2049 725 2110 et
753 2065 789 2110 se
818 2042 881 2110 snb
912 2041 1050 2110 dicione
1077 2042 1194 2110 Sancti
1224 2043 1366 2135 lmperii

242 2150 392 2219 Romani
406 2172 492 2228 esse,
511 2151 611 2240 cujus
626 2149 721 2240 leges
736 2172 786 2217 eae
803 2155 886 2217 sunt
904 2158 943 2218 ut
972 2149 1154 2218 catholicis
1170 2173 1275 2218 suam
1290 2150 1367 2218 reli-

196 2270 199 2279 '
245 2256 385 2349 gionem
401 2257 515 2325 colere
531 2257 644 2340 liceat,
666 2265 700 2324 et
719 2256 1001 2324 Maximilianum
1024 2280 1103 2324 cum
1124 2257 1168 2324 iis
1184 2257 1364 2339 custodiis,

245 2387 321 2454 quae
357 2365 389 2432 ei
417 2365 619 2432 necessaria
648 2363 858 2442 viderentur,
886 2363 1093 2456 exciperent.
1124 2365 1272 2433 Postero
1301 2365 1365 2446 die,

244 2470 498 2563 responderunt
513 2469 700 2538 calviniani
715 2494 750 2539 se
767 2470 1003 2539 Maximiliano
1024 2471 1163 2539 obedire
1184 2478 1219 2539 et
1240 2495 1303 2563 pro
1327 2495 1366 2540 co

243 2579 350 2647 vitam
366 2577 575 2670 profundere
591 2579 685 2646 salva
704 2579 916 2647 conscientia
929 2584 1066 2670 paratos
1083 2599 1174 2660 esse;
1192 2602 1259 2648 nec
1273 2582 1367 2671 igno·

243 2708 321 2753 rare
337 2708 373 2753 se
389 2684 453 2752 sub
468 2685 610 2775 Imperii
626 2684 764 2753 dicione
779 2709 867 2768 esse,
886 2686 945 2754 sed
969 2685 1088 2776 legum
1108 2709 1195 2778 quas
1218 2676 1367 2756 comme-

244 2793 452 2860 moravisset
481 2791 657 2883 exemplar
690 2793 757 2861 sibi
792 2792 1055 2885 perlegendum,
1091 2795 1282 2887 antequam
1311 2818 1366 2862 eas

245 2899 462 2992 acciperent;
492 2899 672 2990 gavisuros
701 2921 776 2967 esse
812 2922 848 2967 se
879 2901 908 2967 si
931 2899 1192 2969 Maximilianus
1215 2925 1252 2969 se
1275 2901 1365 2969 invi-

246 3006 346 3088 seret,
366 3006 426 3074 sed
440 3012 590 3088 tantum,
607 3012 646 3104 ut
661 3006 763 3086 solet,
782 3008 980 3090 comitatus,
998 3014 1032 3076 et
1047 3009 1090 3075 iis
1107 3008 1368 3078 custodiiscorr·

244 3119 361 3183 tentus
377 3138 463 3207 quas
479 3114 547 3207 ipsi
563 3114 618 3182 die
634 3137 672 3182 ac
687 3119 788 3183 nocte
804 3113 1072 3184 ministrarent³.

289 3221 551 3291 Maximilianus
567 3222 754 3290 castellano
767 3228 806 3291 et
821 3222 963 3291 Castelli
979 3222 1131 3290 scabinis
1148 3222 1205 3291 die
1218 3226 1258 3291 31
1273 3239 1367 3291 men-

248 3329 296 3396 sis
316 3330 455 3421 augusti
479 3329 659 3421 rcspondit
675 3330 741 3397 sibi
759 3352 881 3398 eorum
898 3330 1030 3398 litteras
1045 3353 1117 3397 non
1132 3331 1286 3422 probari.
1301 3330 1367 3399 Sed

247 3458 341 3503 nunc
357 3437 448 3504 sicut
463 3436 627 3504 dominus
644 3423 811 3526 loquitur,
833 3460 927 3504 nunc
950 3459 1031 3504 cum
1054 3437 1231 3504 seditiosis
1248 3437 1368 3529 dispu-

247 3549 297 3611 tat
311 3565 439 3637 eosque
453 3545 593 3623 refutat,
611 3544 741 3633 quievi
756 3550 832 3612 tum
848 3545 1079 3635 comprimere
1095 3542 1288 3613 Castellum
1297 3567 1367 3612 nou

245 3656 369 3741 potest.
387 3651 507 3740 Itaque
523 3652 668 3719 missam
693 3657 727 3719 et
749 3658 904 3720 sanctam
925 3651 1136 3719 catholicam
1158 3651 1368 3742 religionem

242 3758 344 3847 jubet
367 3759 483 3825 statim
512 3759 648 3825 restitui
670 3763 810 3850 propter
832 3780 956 3850 aegros,
973 3757 1213 3849 baptizandos,
1231 3780 1368 3827 omnes

250 3888 316 3958 que
332 3864 426 3932 viros
442 3863 552 3932 hortos
568 3888 716 3933 maerore
737 3866 900 3948 afflictae,
918 3870 952 3932 et
966 3863 1062 3932 addit
1092 3888 1128 3932 se
1157 3865 1201 3932 iis
1231 3867 1291 3955 qui
1319 3866 1367 3933 ita

277 4107 301 4157 l.
320 4107 500 4161 Relationem
513 4109 639 4173 troubles,
652 4112 729 4185 ι).13.Ι

275 4205 300 4257 2.
318 4206 400 4269 loia,
415 4221 441 4272 p.
458 4209 492 4260 1³
505 4209 532 4259 ot
547 4207 584 4257 14.
600 4211 729 4262 Discours
744 4211 777 4261 de
793 4211 820 4263 lo
831 4208 966 4270 rebellicis,
982 4223 1009 4273 p.
1020 4209 1134 4263 246-24Ἱ.

277 4304 302 4355 3.
321 4305 443 4357 fletotron
454 4304 501 4356 dea
516 4304 640 4369 troubles,
650 4322 675 4372 p.
691 4308 776 4360 14-15.
