2968 5072
340 403 382 446 on
404 400 502 445 vnum
525 401 688 447 enarrans
709 401 960 448 reorumrrmnn
1153 389 1210 448 17¹1

99 548 247 626 tactum3
265 566 301 613 se
322 545 431 635 igitur
459 544 628 636 suspicari
655 567 729 612 rem
752 567 873 613 rursus
893 542 986 612 mala
1000 554 1210 614 cessuram

102 654 236 721 Interea
249 650 388 742 vulgata
402 652 517 718 luerat
530 673 608 743 spes
633 652 708 720 fore
723 657 762 719 ut
775 651 877 720 venia
906 650 1078 721 Bruxellis
1102 648 1214 744 prima

101 759 276 827 dominica
318 757 374 826 die
403 757 524 849 aprilis
559 759 690 826 mensis
723 758 1013 850 promulgaretur,
1044 759 1215 850 multique

102 865 238 935 nobiles
254 864 332 949 viri,
350 863 402 932 rei
422 863 580 933 videndae
600 866 714 932 studio
739 864 846 944 ducti,
861 864 897 932 in
925 865 1048 934 urbem
1070 864 1241 941 advene-⁸

102 979 183 1041 runt
196 971 219 1039 ¹.
250 972 329 1039 Mox
359 970 545 1039 mandabat
570 972 743 1040 Ferralius
764 972 937 1063 praterita
961 971 1136 1040 dominica
1162 971 1216 1039 die

104 1082 278 1172 ingentem
291 1079 399 1147 luisse
414 1077 677 1147 multitudinem
704 1079 833 1148 civium
848 1079 885 1146 in
899 1079 1054 1148 maxima
1069 1078 1218 1147 Bruxel-

104 1186 215 1255 larum
232 1184 379 1254 ecclesia
407 1185 572 1254 stantium
587 1185 792 1279 veniamque
821 1187 1113 1278 exspectantium:
1130 1183 1218 1252 nihil

105 1315 197 1377 vero,
213 1297 291 1384 post
315 1314 453 1384 sparsos
474 1292 655 1381 magnifice
683 1292 842 1362 devonia
870 1290 1023 1383 generali
1046 1313 1216 1375 rumores,

103 1399 367 1491 pronuntiatum
395 1421 480 1467 esse.
505 1397 622 1467 Multis
649 1399 755 1491 igitur
788 1401 861 1491 jam
887 1407 1002 1468 metus
1026 1422 1070 1469 ne
1093 1390 1239 1490 magna⁴

103 1529 181 1597 pars
198 1506 315 1597 gratiae
331 1505 373 1574 oh
390 1512 441 1573 tot
462 1508 699 1575 cunctationes
719 1507 899 1596 multaque
919 1506 961 1574 oh
978 1507 1221 1598 exceptionum

105 1614 219 1705 capita
234 1617 515 1704 corrumperetur
528 1615 550 1682 ⁸.

148 1719 385 1787 Nihilominus
400 1743 470 1789 non
486 1719 728 1810 ambigebatur
742 1721 810 1788 nisi
826 1720 867 1788 de
887 1720 1071 1790 indicenda
1085 1719 1152 1789 die.
1169 1721 1222 1788 Ex

105 1827 257 1896 Ferralio
279 1827 442 1896 novimus
460 1829 614 1920 primum
634 1830 860 1896 constitutam
874 1829 981 1896 fuisse
998 1828 1091 1897 diem
1105 1833 1222 1896 sancto

105 1940 320 2003 sacramento
345 1934 507 2018 dicatam,
529 1935 736 2025 vigesimam
759 1957 885 2026 nempe
908 1941 941 2004 et
960 1935 1118 2027 quintam
1140 1934 1221 2002 maii

105 2042 250 2124 mensis,
268 2063 501 2133 magnamque
517 2049 701 2134 apparatus
716 2042 1008 2133 magnificentiam
1024 2041 1223 2133 Antverpiae

107 2148 269 2216 adornari
297 2145 318 2216 ⁴.
345 2148 424 2215 Non
451 2149 523 2237 jam
552 2170 732 2217 morarum
754 2150 844 2217 finis,
871 2149 923 2217 Ad
952 2149 1079 2217 festum
1107 2148 1224 2216 Sancti

106 2254 275 2323 lobannis
285 2261 456 2345 protracta
465 2277 532 2323 res.
542 2254 714 2324 Postridie
724 2256 851 2323 festum
863 2254 1072 2347 querebatur
1085 2255 1224 2346 Viglins

107 2360 419 2454 «publicationem
443 2362 555 2430 veniae
580 2385 618 2430 ac
641 2362 930 2431 condonationem
954 2362 1088 2452 regiam
1111 2361 1225 2429 adhuc

106 2467 282 2560 protelari,
310 2496 328 2531 >
353 2469 576 2537 horatianum
599 2467 687 2537 illud
707 2470 860 2537 addens:
888 2470 1124 2548 «veramne,
1147 2490 1225 2536 cum

105 2575 276 2666 amphora
293 2575 398 2666 ooepit
413 2575 562 2657 institui,
579 2598 705 2644 urceus
721 2582 819 2645 exeat
833 2575 854 2642 ⁸.
871 2599 890 2641 r
905 2574 1052 2643 Causam
1067 2575 1224 2643 dilationi

105 2682 207 2749 affert
235 2682 371 2773 Viglius
395 2704 597 2773 processum
619 2682 783 2752 adversus
798 2683 918 2751 Status
932 2683 1169 2773 Trajeetenses
1189 2691 1224 2757 1;

107 2787 296 2881 podagram
327 2795 456 2871 autem,
487 2813 556 2880 qua
588 2790 745 2858 Albanus
779 2790 970 2873 laborabat,
1000 2789 1172 2857 Ferralius
1201 2795 1225 2856 ⁷.

108 2895 264 2964 Tandem
291 2896 346 2964 die
374 2897 412 2961 12
436 2896 516 2987 julii
542 2898 672 2964 mensis
701 2900 786 2966 1570
814 2896 1042 2986 Antverpiam
1069 2895 1228 2963 Albanus

110 3003 286 3093 proiectus
307 3008 370 3080 est,
396 3004 544 3094 gratiam
571 3002 771 3097 generalem
791 3003 1091 3094 promulgaturus
1109 3001 1227 3092 ibique

109 3108 165 3177 die
184 3113 237 3189 16,
256 3110 315 3201 qui
338 3108 532 3178 dominicus
554 3116 640 3193 erat,
657 3116 736 3202 post
756 3109 927 3201 perlectas
947 3109 1002 3176 Pii
1029 3107 1059 3176 V
1080 3108 1226 3190 litteras,

109 3216 295 3285 recitatum
316 3223 367 3285 est
393 3217 486 3307 regis
509 3215 665 3308 diploma
689 3240 756 3308 quo
778 3216 881 3286 venia
904 3216 1027 3307 Belgia
1047 3214 1226 3284 condona-

108 3321 211 3391 batur
226 3332 249 3392 ⁸.

155 3429 252 3499 luter
278 3453 337 3499 eos
352 3431 412 3521 qui
427 3430 625 3522 Antverpiae
639 3429 694 3499 die
725 3436 767 3502 16
782 3431 913 3499 mensis
922 3429 1003 3521 julii
1021 3432 1106 3497 1570
1130 3432 1228 3497 erant

142 3619 166 3669 1.
184 3617 365 3680 bibliotheque
382 3618 528 3678 Nationale,
543 3617 594 3668 Ma.
611 3619 703 3681 Franc.
719 3615 833 3669 161211υ
847 3617 887 3669 31.

142 3715 167 3764 2.
185 3715 254 3766 leid.
273 3717 294 3765 1ο
310 3716 352 3764 38.

143 3814 169 3864 3.
186 3813 252 3864 ibid.
269 3815 290 3863 1⁰
304 3814 344 3865 111.

143 3914 167 3963 l.
187 3910 252 3962 leid.
268 3911 289 3961 l⁰
304 3910 345 3962 50.

142 4008 167 4060 5.
186 4009 308 4071 Heraea,
324 4022 353 4073 p.
370 4007 425 4058 511.

141 4106 167 4158 6.
184 4106 258 4158 Idem

141 4203 166 4255 Ἰ.
184 4203 327 4258 1111111111.
347 4203 388 4255 Me
409 4201 494 4261 16121,
511 4202 531 4251 1ο
545 4203 585 4252 80.

140 4300 167 4353 8.
185 4302 253 4353 ltid.
267 4301 290 4351 1⁰
302 4300 342 4351 87.
