2988 5078
280 472 509 522 clucesceswu
530 473 690 518 cucullum
711 473 859 519 HISTORIAE
880 475 1107 522 ausculanuuuu
1235 462 1252 522 7

135 619 413 689 cameracesium
429 603 510 686 feeit
524 639 672 708 regnum
687 617 844 709 justitiae,
862 618 955 708 pacis
973 623 1004 686 et
1019 618 1250 704 abundantiae,

134 727 223 820 quod
240 725 340 817 quasi
365 725 458 794 orbis
485 727 658 792 terrarum
684 724 894 794 miraculum
916 726 1110 810 videbatur,
1138 735 1183 813 et,
1213 738 1254 800 ut

134 833 263 903 Stradae
279 833 393 901 verbis
408 843 496 913 utar,
515 831 687 900 «fatalem
703 833 820 901 sedem
836 834 1132 925 pacificationibus
1148 837 1253 906 frede·

134 942 299 1034 ribusque
316 940 492 1009 firmandis
504 948 526 1009 ¹.
544 965 562 1006 r
579 941 742 1008 Attamen
758 963 778 1007 a
792 939 905 1023 belliS,
926 964 1003 1031 quae
1014 948 1150 1012 sextum
1164 944 1253 1013 deoi-

134 1072 233 1120 mum
249 1047 414 1117 saeculum
425 1048 604 1136 religionis
623 1069 725 1115 causa
739 1048 977 1125 turbaverunt,
995 1049 1166 1119 abstinere
1181 1075 1253 1122 non

134 1158 246 1251 potuit
261 1179 269 1226 :
285 1158 414 1225 etenim
429 1155 472 1223 ad
488 1155 554 1223 tria
571 1177 690 1245 regna,
707 1154 749 1223 ab
767 1154 939 1223 haereticis
954 1155 1014 1225 diu
1027 1159 1167 1248 agitata,
1178 1183 1253 1252 per·

134 1265 274 1346 tinebat,
292 1271 326 1332 et
343 1263 386 1332 ad
399 1263 632 1344 Germaniam,
650 1263 752 1353 cujus
777 1262 1055 1346 Cameracesium
1069 1288 1148 1358 pars
1166 1274 1250 1348 erat,

135 1379 169 1442 et
183 1372 226 1440 ad
238 1372 387 1441 Galliam
400 1370 451 1438 illi
462 1370 698 1438 continentem
711 1369 812 1458 (adde
826 1371 916 1461 quod
932 1378 1010 1441 ante
1024 1396 1155 1441 annum
1167 1377 1252 1444 1562

134 1481 391 1550 Cameracensis
406 1478 554 1547 ccclesia
566 1478 602 1545 in
620 1478 802 1546 Remensis
818 1478 1004 1569 provinciae
1016 1480 1152 1550 dicione
1166 1485 1251 1571 erat)

133 1587 221 1657 etad
237 1587 409 1677 Belgium,
427 1586 518 1676 quod
543 1608 585 1653 ex
609 1588 703 1676 parte
730 1585 969 1654 cameracensi
994 1587 1253 1682 archiepiscopo

133 1704 206 1764 erat
230 1695 429 1763 obnoxium.
448 1693 568 1784 ltaque
594 1692 824 1761 Cameracesii
843 1693 987 1762 historia
1002 1701 1085 1763 tune
1113 1696 1254 1765 Germa-

132 1804 211 1881 nie,
220 1802 400 1893 Belgiique
411 1805 445 1868 et
458 1800 579 1870 Gallim
590 1799 742 1868 historiae
756 1803 855 1892 quasi
866 1800 1093 1871 adscribenda
1102 1802 1250 1874 videtur.

174 2013 313 2082 Etenim
327 2012 508 2103 opiscopus
524 2034 544 2078 a
560 2009 712 2100 capitulo
739 2009 893 2079 delectus
914 2011 1019 2079 simul
1040 2010 1110 2080 dux
1133 2012 1253 2082 came-

132 2120 286 2190 recensis
301 2126 334 2188 et
365 2140 480 2186 comes
507 2118 748 2201 cameracesii,
773 2118 807 2185 id
830 2124 892 2201 est,
922 2141 1002 2186 cum
1031 2118 1253 2214 Imperatoris

131 2227 408 2303 confirmatione,
419 2225 561 2319 imperii
571 2222 767 2293 Germanici
778 2225 940 2316 princeps
957 2225 1060 2294 fiebat
1075 2253 1082 2294 :
1096 2227 1137 2294 ah
1153 2228 1252 2296 initio

132 2334 309 2405 undecimi
325 2333 669 2411 saeculieomesnam
683 2333 855 2401 Henricus
870 2333 904 2400 II
917 2333 1108 2423 Imperator
1123 2335 1254 2426 episco-

132 2465 216 2536 pum
225 2443 393 2511 comitatu
409 2439 637 2509 cameracesii
650 2439 792 2510 donavit
807 2440 1159 2535 (1007)¹,et,quinque
1175 2448 1253 2535 post

131 2548 548 2632 saeculis,lllaximilianus
571 2549 774 2640 Imperator,
799 2547 1016 2617 «attendens
1044 2549 1253 2641 multiplicia

132 2659 254 2728 merita
272 2657 442 2727 virtutum
457 2681 474 2722 a
490 2654 609 2725 Jacobi
623 2656 790 2748 episcopi,
808 2678 888 2724 eum
907 2680 925 2722 <‹
941 2656 1111 2724 iuvenum
1127 2654 1251 2725 ducem

130 2767 414 2836 cameracensem
429 2764 550 2847 erexit,
564 2762 764 2846 illustravit,
776 2763 957 2856 insignivit
968 2769 1002 2832 et
1012 2762 1188 2832 decoravit
1205 2774 1248 2834 »ἢ

172 2875 486 2966 Saepcautemnon
502 2871 594 2940 idem
615 2876 648 2939 et
677 2894 697 2939 a
725 2871 886 2963 pontifice
914 2877 948 2939 et
974 2871 1015 2940 ab
1043 2872 1251 2963 imperatore

129 2982 353 3052 confirmatus
371 2984 443 3049 est:
460 3002 551 3048 anno
578 2981 676 3061 1502,
709 2978 878 3048 Jacobum
908 2979 1051 3048 croium
1077 2980 1247 3071 pontifex,

129 3090 351 3159 Franciscum
366 3111 386 3156 a
402 3087 589 3157 Meloduno
607 3087 863 3156 Maximilianus
879 3087 1110 3169 confirmavit,
1126 3090 1159 3155 et
1174 3092 1248 3156 tan·

129 3205 203 3266 tum
229 3219 311 3265 cum
339 3195 521 3287 Philippus
549 3195 631 3277 dux,
651 3195 872 3287 Imperatoris
890 3194 993 3274 filius,
1021 3195 1247 3264 aFrancisco

128 3304 381 3398 impetravisset
406 3309 446 3370 ut
469 3300 618 3384 cederet,
645 3301 794 3370 lacobus
816 3301 936 3371 Groius
960 3303 1246 3374 Cameracensem

128 3412 243 3482 sedem
256 3433 348 3479 anno
363 3413 448 3479 1501
464 3409 625 3478 obtinuit.
641 3409 708 3478 Sed
717 3432 916 3501 quanquam
926 3411 1150 3503 Imperatoris
1164 3434 1245 3480 con·

128 3520 323 3589 firmatione
340 3517 458 3587 comiti
472 3517 700 3587 cameracesii
720 3540 807 3610 opus
822 3523 884 3600 est,
909 3522 954 3601 et,
971 3525 1011 3587 ut
1039 3542 1142 3612 supra
1158 3518 1244 3589 disi-

129 3651 219 3712 mus,
245 3626 374 3694 tributa
403 3624 559 3716 quadarn
582 3624 731 3717 Imperio
756 3647 871 3693 eomes
903 3625 1006 3695 solvit
1031 3627 1247 3722 comitiisque

129 3735 320 3804 Germania
335 3732 443 3812 adest,
460 3732 575 3800 minus
588 3733 801 3802 Germanicis
815 3731 917 3801 rebus
932 3756 1036 3824 quam
1049 3734 1199 3825 Belgicis
1209 3758 1244 3804 se

129 3842 328 3911 immiscuit.
343 3842 399 3919 Et,
417 3861 497 3909 oum
512 3840 548 3908 in
575 3840 759 3910 Germania
783 3846 817 3909 et
833 3840 869 3909 in
884 3840 1005 3932 Belgio
1031 3864 1103 3910 non
1125 3841 1246 3911 eadem

128 3949 305 4041 religionis
320 3955 410 4018 esset
425 3947 595 4029 condiciO,
614 3947 777 4016 libentius
793 3970 829 4016 se
850 3948 1150 4042 archiepiscopum
1164 3949 1241 4018 Bel-

129 4059 243 4147 ginum
272 4079 376 4148 quam
404 4056 618 4126 Germanum
651 4055 840 4147 principem
866 4055 1008 4125 habuit:
1043 4057 1080 4125 in
1113 4057 1234 4147 Belgio

159 4219 182 4271 l.
194 4219 313 4283 arseni,
328 4223 366 4272 De
380 4219 452 4271 Bello
466 4218 578 4284 Belgica,
593 4217 613 4279 1,
629 4232 655 4282 p.
670 4216 710 4268 25.
726 4217 891 4282 (Antverpiae,
905 4217 988 4282 1610.)

156 4318 179 4369 2.
193 4318 281 4370 Gallio
292 4318 453 4380 Christiana,
468 4318 589 4369 lustrum.
604 4316 674 4370 Eccl.
689 4317 770 4379 Cam,
787 4320 805 4368 ί.
821 4315 866 4378 Ill,
879 4330 905 4380 p.
921 4316 945 4367 l.

154 4416 179 4467 3.
193 4418 298 4484 usust.
316 4417 359 4479 Ill,
370 4432 396 4481 p.
411 4417 460 4468 '1-9.
