2958 5076
532 458 656 503 sinonis
677 453 882 502 convocamus

149 902 180 966 2.
209 896 350 964 Sinonis
366 917 404 960 UT
418 913 648 960 SERVARBNTTR
673 912 814 955 iracunde
830 909 1021 954 't‘ulnun't’mn
1049 910 1268 955 conventuum

192 1234 353 1298 Attamen
383 1226 642 1297 Maximilianus
672 1251 809 1295 sumum
824 1227 856 1293 vi
880 1228 1005 1316 agebat
1019 1233 1059 1294 ut
1075 1227 1264 1293 secundum

149 1337 328 1406 Pontificis
356 1340 530 1428 praecepta
544 1357 664 1426 pacem
681 1357 719 1401 ac
739 1333 959 1425 disciplinam
975 1334 1011 1399 in
1028 1332 1175 1401 ecclesia
1190 1357 1267 1400 res-

149 1446 302 1513 titueret.
336 1443 535 1510 Plurimum
563 1441 755 1509 conducere
782 1440 1027 1519 arbitrabatur,
1051 1442 1079 1507 si
1104 1440 1265 1509 Pontifex

149 1552 338 1621 concilium
345 1549 588 1617 Tridentinum
604 1549 734 1616 servari
743 1548 1000 1638 quamprimum
1009 1548 1163 1638 juberet,
1174 1547 1266 1637 quod

150 1682 185 1726 m
200 1659 322 1749 Belgio
337 1679 399 1749 pro
415 1655 527 1724 nihilo
544 1654 744 1732 duceretor;
768 1655 876 1723 laicos
896 1655 990 1721 enim
1018 1660 1135 1747 aperte
1164 1655 1267 1746 profi·

150 1767 213 1833 teri
228 1788 300 1833 non
314 1763 515 1831 mirandum
532 1785 606 1829 esse
622 1763 650 1827 si
665 1763 732 1852 ipsi
748 1761 937 1829 concilium
952 1785 1022 1829 non
1043 1762 1265 1852 respicerent,

150 1895 232 1938 eum
247 1871 364 1939 elerici
381 1870 530 1938 maxime
547 1869 754 1937 obsisterent
770 1877 791 1934 ¹.

192 1980 255 2046 His
286 1977 409 2046 litteris
443 1975 703 2044 Maximilianus
737 2000 805 2065 quo
840 1975 957 2043 studio
986 1999 1058 2043 suae
1078 1977 1265 2066 provinciae

149 2086 285 2153 decreta
300 2084 503 2152 Tridentino
518 2084 696 2175 imponere
712 2084 816 2152 vellet
831 2083 912 2150 satis
928 2083 1138 2151 ostenderat.
1156 2083 1265 2175 Supe-

147 2195 237 2262 riore
252 2195 324 2285 jam
340 2214 432 2259 anno
452 2191 627 2282 synodum
652 2191 820 2258 habuerat
849 2190 1043 2258 secundum
1068 2189 1262 2258 Concilium

146 2300 401 2378 Tridentium,
419 2320 438 2363 ‹
455 2320 525 2387 quo
547 2297 720 2365 sancitum
749 2298 862 2375 fuerat
877 2303 915 2364 ut
930 2296 1159 2389 provincialia
1175 2320 1264 2365 con-

147 2407 240 2488 cilia,
258 2405 371 2475 sicubi
388 2406 518 2473 omissa
532 2411 658 2481 essent,
675 2426 737 2495 pro
758 2404 977 2473 moderandis
993 2405 1164 2483 moribus
1182 2428 1265 2473 cor-

147 2514 301 2607 rigendis
323 2513 534 2594 excessibus
565 2511 811 2579 controversiis
839 2512 1086 2604 componendis
1115 2511 1263 2604 aliisque

147 2646 189 2690 ex
203 2621 311 2690 sacris
326 2619 517 2688 canonibus
532 2619 723 2711 permissis,
740 2625 991 2687 renovarentur
1004 2618 1027 2688 ’.
1044 2644 1063 2686 ›

192 2729 400 2795 flacautem
409 2726 639 2794 Maximiliani
652 2727 812 2794 voluntas
822 2727 912 2794 mira
923 2727 1262 2819 videaturreputanti

146 2836 450 2926 archiepiscopum
484 2833 689 2901 Tridentino
718 2833 867 2902 concilio
899 2834 1065 2903 interesse
1093 2836 1264 2918 noluisse,

145 2942 306 3034 quamvis
336 2941 514 3009 institisset
529 2940 703 3009 Pontifex.
717 2941 855 3008 Etenim
867 2941 922 3009 die
937 2943 980 3010 30
999 2942 1130 3010 mensis
1152 2943 1265 3010 martii

147 3053 232 3119 1363
256 3049 339 3116 Pius
359 3049 451 3140 Papa
465 3047 512 3117 IV
537 3049 568 3114 ei
591 3047 755 3115 ultimum
771 3049 970 3139 scripserat:
1000 3073 1018 3115 c
1040 3049 1127 3117 Cum
1147 3056 1265 3118 autem

146 3157 298 3225 sciamus
322 3155 449 3245 jamab
470 3154 642 3222 haereticis
666 3155 725 3246 qui
749 3155 785 3223 in
809 3155 885 3223 istis
904 3156 1059 3246 partibus
1085 3164 1168 3225 sunt
1193 3180 1264 3226 non

149 3264 333 3331 imminere
347 3261 413 3353 ipsi
431 3261 587 3330 ecclesiae
605 3268 670 3329 tuae
694 3261 903 3354 periculum,
921 3263 1032 3330 multo
1050 3286 1131 3331 vero
1147 3266 1263 3332 minus

148 3371 190 3438 ab
207 3369 278 3437 illis
296 3368 355 3460 qui
378 3377 458 3434 sunt
483 3368 518 3435 in
544 3368 728 3436 Germania
753 3370 942 3461 interjectis
968 3370 1058 3437 inter
1082 3371 1264 3440 ecclesiam

145 3484 242 3545 tuam
258 3482 292 3543 et
305 3473 386 3542 illos
397 3479 449 3542 tot
461 3475 649 3565 provinciis
665 3499 742 3568 quar
758 3476 821 3544 sub
837 3477 974 3544 dicione
990 3486 1072 3545 sunt
1089 3479 1261 3548 carissimi

146 3586 182 3652 in
198 3583 337 3652 Christo
361 3580 426 3648 lilii
452 3582 562 3649 nostri
594 3582 827 3674 Hispanorum
855 3584 959 3674 regis,
987 3593 1166 3654 maturum
1193 3610 1266 3655 esse

147 3691 311 3759 duximus
327 3688 457 3757 hortari
473 3688 509 3755 in
522 3689 672 3758 Domino
686 3690 935 3759 fraternitatem
950 3698 1088 3762 tuam...
1106 3701 1145 3762 ut
1159 3695 1264 3763 officii

146 3820 280 3867 memor
293 3795 336 3863 ad
352 3795 541 3863 concilium
557 3797 605 3863 ire
620 3819 665 3865 ne
678 3798 807 3865 diutius
828 3798 1004 3868 differat...
1028 3801 1145 3870 lturus
1158 3808 1264 3870 estex

144 3905 268 3974 iisdem
284 3902 361 3971 istis
374 3901 461 3971 locis
476 3903 659 3995 episcopus
676 3905 912 3973 attrebatensis
933 3907 1018 3975 adeo
1031 3930 1137 3976 senex
1153 3915 1186 3975 et
1204 3907 1264 3975 alii

144 4010 281 4080 nullum
297 4009 558 4077 incommodum
573 4017 772 4078 recusantes
785 4020 807 4077 ³.
824 4036 842 4075 »

174 4163 197 4215 l.
214 4161 335 4214 Corndrr
347 4160 421 4210 card.
435 4159 468 4209 de
483 4159 632 4215 Gronrelle.
646 4161 677 4219 11,
691 4175 715 4224 p.
731 4160 755 4211 3.

172 4257 379 4319 2.Lnor1r‚XV,
394 4273 419 4321 p.
435 4257 489 4307 lssl.

168 4358 191 4408 3.
206 4360 324 4410 cram
339 4356 509 4405 camerarum
523 4355 712 4415 Christianum,
724 4357 899 4409 Introducttou
915 4360 1069 4423 historlqne,
1086 4379 1110 4427 p,
1133 4364 1160 4413 b.
