2958 5076
235 390 274 452 70
560 402 702 455 cuonone
723 402 840 448 nanasr
861 402 1036 448 oasrrrnrur

235 549 367 619 tabant.
396 548 476 616 Non
496 545 599 616 modo
626 546 705 627 sibi,
730 547 915 639 sedetiam
938 546 1057 639 Belgio
1084 548 1133 615 ita
1153 546 1355 616 consulebat

235 655 506 734 Maximilianua
537 677 618 724 cum
650 655 848 747 hugonotos
879 655 1152 747 Condacumque,
1188 656 1251 747 qui
1277 679 1355 724 cum

237 762 399 833 Gheusiis
416 761 887 845 communicaretenutant,
914 760 1152 854 specularetur
1174 768 1209 830 et
1228 762 1355 855 Marga-

235 871 338 942 ritam
351 871 597 964 Albanumque
613 867 655 938 de
670 892 792 937 eorum
807 869 942 937 insidiis
956 874 1127 937 moneret.
1142 870 1286 938 Etenim
1300 893 1355 963 per

237 977 515 1049 Cameracesium
536 1000 557 1046 a
581 976 693 1046 Gallia
714 978 751 1045 in
769 975 931 1069 Belgium
954 976 1053 1068 quasi
1073 977 1243 1045 transitus
1268 984 1352 1055 erat;

237 1085 385 1179 exempli
412 1107 526 1165 causa,
555 1107 636 1153 cum
670 1084 857 1152 calviniani
889 1082 1109 1176 Margaritam
1142 1084 1357 1153 audivissent

236 1217 380 1289 magnas
398 1193 562 1287 pecunias
578 1190 703 1261 Carolo
722 1191 781 1259 lx·
795 1191 993 1275 missuram,
1008 1194 1110 1285 juxta
1130 1192 1356 1262 Camaracum

235 1300 370 1373 insidiis
384 1301 519 1395 positis,
536 1322 593 1368 eas
607 1298 864 1391 interceperunt
877 1308 899 1367 ¹.

279 1409 348 1477 Res
378 1407 502 1477 Galliae
531 1430 550 1475 e
578 1405 816 1476 cameracesio
853 1405 953 1496 quasi
991 1405 1160 1497 spectanti
1193 1407 1359 1476 videntur

235 1516 387 1587 maxime
403 1514 447 1582 ad
462 1514 655 1585 Condacum
673 1514 861 1606 pertinere,
892 1513 953 1604 qui
973 1513 1147 1582 haereticis
1168 1515 1204 1582 in
1231 1515 1355 1599 Gallia,

235 1623 473 1695 Maximiliano
502 1644 522 1690 a
550 1620 670 1714 Bergis
698 1620 816 1691 sedem
845 1620 1131 1689 Cameracensem
1165 1621 1356 1704 obtinente,

237 1731 388 1826 praeiuit.
406 1728 579 1799 Condaeus
602 1728 675 1812 ille,
698 1728 813 1798 brevis
835 1733 979 1807 statura,
1006 1726 1184 1812 detormiS,
1210 1729 1359 1798 dissolu-

236 1843 306 1917 tus,
322 1836 411 1907 nihil
423 1835 520 1929 pensi
540 1841 644 1927 atque
666 1836 775 1905 sancti
799 1835 932 1905 habens
955 1842 995 1907 ut
1014 1860 1152 1906 summa
1171 1839 1356 1930 acciperet,

237 1945 297 2015 sed
312 1950 485 2027 strenuuS,
501 1944 618 2013 bellus
632 1949 666 2012 et
679 1942 866 2023 humanus,
884 1944 927 2012 ob
944 1950 1126 2038 utramque
1140 1945 1356 2029 rebellionis,

237 2076 314 2144 quaa
331 2076 411 2123 eum
429 2049 577 2122 Galliam
596 2056 674 2120 tum
688 2050 851 2143 Belgium
875 2052 1050 2136 turbabat,
1077 2076 1217 2121 causam
1240 2059 1360 2122 contra

235 2184 351 2252 regem
366 2159 606 2230 rebellaverat.
626 2159 714 2229 Cum
735 2159 846 2228 Guisii
868 2182 1042 2228 summam
1066 2185 1086 2228 a
1110 2183 1190 2252 rege
1211 2162 1358 2252 gratiam

236 2268 406 2351 iniissent,
436 2289 597 2362 proceres
623 2266 684 2357 qui
718 2265 840 2358 gallice
878 2268 1100 2336 molcootcnts
1140 2269 1358 2353 dicebantur,

237 2376 439 2446 Guisiorum
462 2374 604 2443 factioni
629 2373 824 2443 Borbonioa
848 2380 1098 2466 opposuerunt,
1123 2377 1355 2456 ettlondaeus,

235 2482 390 2552 Antonio
411 2482 551 2575 quidem
578 2486 663 2551 natu
693 2483 822 2561 minor,
848 2482 891 2550 iis
914 2489 1031 2552 autem
1052 2483 1255 2569 virtutibus,
1281 2507 1357 2576 quae

236 2589 396 2660 factionis
409 2589 603 2681 principem
616 2587 752 2668 decent,
770 2589 949 2680 praeditus,
967 2590 1219 2661 rebellantibus
1233 2592 1358 2661 ducem

237 2721 273 2767 se
289 2696 447 2790 praebuit.
461 2695 628 2765 Borbonii
650 2700 765 2765 autem
785 2696 971 2765 calviniani
986 2705 1101 2766 erant:
1128 2700 1245 2790 itaque
1269 2699 1359 2768 Con·

238 2807 333 2875 daeus
351 2810 384 2873 et
398 2806 621 2874 molcootcats
635 2807 670 2873 et
681 2805 943 2897 hugonotorum
960 2804 1031 2874 dux
1051 2807 1118 2875 luit
1133 2812 1179 2890 et,
1206 2806 1237 2875 si
1260 2805 1357 2876 illius

236 2912 389 2984 inimicis
408 2912 491 2981 fides
510 2911 670 2981 habenda
692 2919 754 2996 est,
780 2934 853 2980 non
876 2913 1137 3005 hugonotorum
1160 2913 1268 2983 modo
1297 2938 1357 2983 rex

236 3021 312 3092 fieri
324 3021 449 3100 voluit,
465 3020 524 3088 scd
540 3020 643 3087 etiam
662 3020 769 3089 totius
783 3020 881 3112 regni
897 3042 905 3089 t
921 3021 1050 3090 etenim
1072 3022 1109 3089 in
1132 3023 1354 3107 nomismate,

237 3128 429 3198 secundum
450 3127 641 3196 catholicos
661 3127 703 3195 ab
718 3127 919 3219 hugonotis,
934 3152 954 3196 a
967 3128 1150 3198 catholicis
1161 3129 1355 3199 secundum

235 3236 433 3329 hugonotos
456 3235 608 3327 signato,
625 3233 755 3327 legitur
773 3259 792 3301 ‹
810 3234 1010 3305 Ludovicus
1026 3236 1122 3320 Xlll,
1140 3237 1204 3305 Dei
1231 3237 1352 3329 gratia,

236 3366 297 3413 rex
312 3345 446 3435 primus
456 3343 668 3411 christianus
685 3367 718 3410 iv.
730 3342 992 3435 Nonnunquam
1015 3343 1157 3436 quidem
1169 3344 1353 3415 muliebris

237 3451 434 3522 Catharinae
461 3451 645 3520 comitatus
672 3449 845 3519 illecebris
862 3473 898 3519 se
912 3449 1062 3528 dedidit;
1086 3452 1215 3543 saepius
1239 3458 1354 3523 autem

235 3561 371 3629 fortiter
388 3581 543 3650 pugnam
563 3579 670 3626 manu
688 3558 873 3650 capessivit
892 3577 900 3626 :
917 3556 1125 3628 adDrocum
1151 3565 1276 3653 captus
1304 3567 1352 3629 est

236 3673 271 3737 et
298 3667 341 3734 ad
355 3667 542 3736 Jarnacum
558 3686 718 3758 pugnans
733 3665 945 3739 interiectae.

282 3773 514 3843 Gheusiorum
529 3773 658 3853 sociuS,
675 3772 928 3843 catholicorum
944 3773 1128 3865 Belgarum
1149 3775 1261 3843 hostis
1275 3798 1353 3844 vere

236 3883 314 3966 luit,
334 3904 413 3950 cum
438 3903 528 3949 anno
555 3883 636 3950 leel
655 3880 822 3950 Picardiae
846 3881 1027 3973 praetectus
1052 3886 1117 3953 est.
1141 3883 1238 3951 Tunc
1261 3883 1353 3951 cuim
1461 3898 1462 3967 ξ

237 4012 316 4059 cum
332 3988 494 4058 Gheusiis
514 3986 616 4056 facile
640 3988 896 4058 communicare
916 3990 1030 4080 potuit
1047 3994 1081 4058 et
1106 3988 1229 4058 eodem
1250 3991 1352 4060 modo

236 4120 317 4167 cum
333 4096 467 4189 Augila,
482 4120 502 4164 a
519 4096 646 4189 quibus
670 4096 801 4165 auxilia
821 4097 969 4188 petebat.
993 4097 1113 4190 ltaque
1125 4098 1352 4169 Cameracesii

262 4321 286 4373 1.
303 4319 421 4384 Oorrcsp.
437 4317 470 4369 de
483 4318 645 4384 Morqucrtte
656 4316 820 4379 d’Autricta
836 4316 868 4377 ΙΙ,
884 4331 912 4380 p.
923 4318 981 4372 489.
