2988 5078
230 445 271 507 28
576 462 615 508 nn
635 460 835 507 alamanno
855 462 875 508 a
896 461 1000 506 anneis

232 606 280 673 ris
293 604 465 674 laudanda
475 610 541 686 est3
553 604 629 696 ejus
640 604 734 674 enim
747 605 856 674 oratio
869 608 920 673 cst
932 603 1122 689 incondito,
1139 627 1231 694 saepe
1242 604 1348 674 etium

233 712 396 807 perplexa
410 718 443 782 et
462 712 560 781 tarda
590 713 761 806 inertique
790 716 975 782 structura.
1006 713 1113 781 Totus
1139 718 1201 796 cst,
1232 717 1273 781 ut
1300 713 1350 781 ita

235 820 360 900 dicam,
377 820 414 888 in
431 843 496 889 sua
510 820 679 903 oratione,
690 842 767 910 quae
779 817 856 910 ejus
867 819 1115 889 verecundiam
1130 819 1255 889 reddit.
1273 821 1351 890 Non

233 934 317 997 sunt
332 950 426 997 acres
443 933 503 996 aut
522 925 710 1021 splendidae
730 925 909 996 sententiae
924 928 1076 999 firmine
1098 927 1208 995 virilis
1228 927 1349 997 animi.

234 1036 319 1128 Ejus
330 1039 446 1104 autem
462 1034 634 1104 scribendi
649 1032 776 1103 modus
795 1033 854 1103 illa
873 1034 958 1103 vitia
981 1057 1053 1104 non
1073 1035 1214 1118 indicat,
1237 1040 1351 1103 certus

236 1148 269 1212 et
282 1142 482 1234 aequabilis:
500 1164 623 1211 omnes
639 1142 733 1211 enim
750 1141 874 1210 litterae
893 1141 1098 1235 simpliciter
1110 1146 1143 1211 et
1157 1142 1352 1211 clarissime

235 1252 371 1343 scriptae
387 1272 458 1319 uno
477 1255 511 1319 et
537 1249 658 1319 eodem
681 1249 785 1319 modo
802 1249 981 1330 inclinant,
1011 1273 1088 1341 qum
1115 1256 1236 1319 temen
1264 1271 1351 1318 non·

234 1381 416 1449 nunquam
431 1379 522 1449 aegre
538 1357 714 1447 leguntur,
733 1355 825 1446 quod
839 1378 910 1425 non
930 1355 1110 1425 absolutae.

280 1467 489 1556 Quanquam
505 1471 634 1548 autem,
660 1470 700 1533 ut
715 1465 762 1533 ait
790 1464 997 1532 Franciscus
1025 1464 1066 1534 de
1083 1463 1163 1542 Bar,
1189 1470 1266 1532 erat
1283 1466 1352 1532 «in

234 1573 451 1642 sermonibus
473 1572 644 1641 facundus
660 1577 693 1640 et
707 1570 872 1663 prudens,
889 1569 1062 1640 adomnia
1078 1571 1192 1640 cilicia
1209 1572 1350 1664 pietatis

235 1680 366 1774 optime
381 1682 538 1763 affectus,
557 1680 675 1748 nescio
692 1684 811 1747 tamen
827 1701 895 1769 quo
916 1679 1042 1748 timore
1063 1684 1123 1748 aut
1141 1680 1350 1748 verecundie

235 1787 466 1857 nonaudebat
480 1786 653 1880 pulpitam
681 1785 913 1856 conscendere
934 1792 974 1855 ut
994 1787 1272 1867 concionaretur,
1292 1787 1351 1856 sed

233 1896 301 1964 hoc
325 1895 479 1964 officium
506 1894 754 1986 subdelegabat
789 1894 951 1963 Patribus
983 1882 1180 1963 Societatis'
1199 1895 1254 1963 vel
1272 1894 1351 1962 aliis

234 2003 319 2070 viris
335 2002 456 2071 doctis.
476 2000 531 2070 Ad
545 2002 613 2071 hoc
628 2006 745 2070 autem
772 2023 899 2070 munus
926 2001 1187 2093 exsequendum
1217 2000 1352 2093 aliquo·

233 2111 325 2180 tiens
336 2110 500 2179 hortatus
516 2115 566 2178 est
580 2132 662 2178 eum
680 2108 796 2178 Abhas
824 2109 1094 2201 Aquicinctinus
1114 2108 1349 2178 Lentaillerus

234 2219 293 2309 qui
323 2217 463 2287 videbat
490 2216 627 2285 dicendi
653 2218 764 2308 gratia
790 2217 996 2285 auctoritate
1023 2239 1063 2283 ac
1089 2216 1247 2285 doctrina
1274 2216 1350 2308 pol·

233 2323 305 2393 lere
317 2331 339 2393 ¹.
358 2349 376 2391 s
393 2323 444 2393 Ob
455 2323 614 2393 camdem
630 2347 769 2393 causam
782 2347 863 2393 cum
877 2323 1054 2392 Albanum
1068 2324 1219 2415 episcopi
1234 2330 1267 2393 et
1282 2324 1350 2392 cle-

234 2432 297 2500 rici
310 2432 468 2500 nonnulli
487 2430 649 2499 adierunt
672 2437 712 2500 ut
730 2432 869 2499 veniam
890 2431 1091 2522 generalem
1110 2432 1347 2523 impetrarent,

235 2539 356 2608 orandi
376 2561 503 2606 munus
522 2538 731 2608 Richardoto
758 2539 927 2630 permisit,
946 2539 1086 2606 temetsi
1106 2538 1172 2607 hoc
1194 2538 1349 2607 officium

234 2646 496 2738 archiepiscopi,
517 2644 725 2714 clericorum
750 2647 914 2738 principis
946 2669 985 2714 ac
1013 2645 1123 2726 ducis,
1153 2645 1347 2715 videbatur.

235 2753 450 2836 Quibusdam
468 2758 585 2822 autem
600 2754 637 2821 in
655 2754 883 2823 conventibus
909 2753 1014 2822 verba
1038 2777 1109 2821 non
1137 2754 1210 2845 ipse
1236 2754 1349 2822 lacere

234 2883 304 2930 non
318 2861 443 2953 potuit,
466 2860 598 2928 scilicet
615 2861 651 2928 in
671 2860 812 2953 synodis
836 2884 921 2952 quas
945 2860 1123 2929 Cameraci
1145 2860 1267 2929 habuit
1285 2881 1293 2929 :
1314 2862 1351 2929 in

234 2967 328 3037 Actis
359 2968 586 3038 conciliorum
616 2974 803 3060 supersunt
829 2974 862 3036 et
893 2967 1088 3036 cohortatio
1122 2974 1155 3036 et
1183 2967 1351 3036 nonnulla

233 3076 338 3144 verba
353 3098 430 3166 quae
447 3076 484 3142 in
501 3075 634 3168 synodo
652 3097 743 3143 anno
760 3078 846 3146 1565
866 3075 1041 3144 celebrata
1055 3075 1139 3144 iecit
1158 3080 1181 3142 ¹.
1200 3075 1269 3144 Sed
1281 3098 1352 3143 non

233 3207 276 3252 ex
289 3183 351 3251 illa
365 3182 604 3252 cohortatione
622 3183 769 3274 intelligi
789 3188 901 3276 potest
922 3205 1008 3251 num
1023 3182 1167 3252 dicendo
1191 3183 1349 3250 Maximi·

234 3290 346 3358 lienus
361 3289 526 3382 polleret:
542 3289 689 3381 propriae
706 3289 800 3356 enim
815 3291 893 3381 ejus
913 3295 996 3358 sunt
1018 3290 1211 3374 sententiaa,
1232 3291 1350 3358 incer-

233 3402 310 3466 tum
328 3402 444 3466 autem
460 3419 504 3465 an
520 3396 657 3464 dicendi
671 3397 794 3465 iorma.
822 3397 866 3465 Et
883 3398 994 3466 oratio
1012 3401 1177 3489 apparata
1202 3402 1235 3465 et
1251 3397 1347 3465 omni

234 3527 277 3572 ex
291 3508 385 3595 parte
401 3505 530 3596 scripta
547 3527 617 3572 non
631 3507 710 3596 jure
731 3505 843 3572 oratio
871 3504 1030 3573 habenda
1059 3511 1120 3573 est.
1146 3502 1347 3572 Cohortatio

235 3634 317 3681 sane
333 3610 524 3681 clarissime
548 3611 714 3703 disposita
736 3610 893 3695 videtur3
915 3611 974 3680 sed
992 3611 1033 3680 de
1051 3611 1224 3680 haereticis
1245 3633 1347 3704 agere

233 3742 304 3787 non
328 3718 476 3787 arduum
502 3720 590 3799 luit;
621 3720 737 3787 minus
770 3717 911 3810 quidem
937 3718 1072 3810 vulgari
1105 3741 1265 3787 sermone
1296 3719 1348 3786 uti

233 3828 474 3910 videtur,cum
490 3825 533 3893 ad
548 3826 686 3896 decreta
700 3826 901 3894 Tridentina
917 3826 1060 3909 accedit,
1074 3849 1152 3918 quae
1167 3826 1347 3917 praesules,

234 3934 468 4004 immunitatis
486 3956 558 4002 suae
573 3938 722 4013 tenaces,
741 3934 895 4025 accipere
921 3933 1096 4003 nolebant.
1128 3933 1196 4002 Sed
1223 3934 1260 4001 in
1286 3933 1350 4001 hac

234 4044 341 4111 etiam
357 4041 490 4134 synodo
505 4064 525 4108 a
540 4040 752 4109 Richardoto
765 4041 939 4132 praecipua
954 4041 1067 4109 oratio
1080 4041 1201 4110 hahita
1216 4045 1281 4108 est.

266 4332 290 4383 t.
308 4334 391 4383 Fann
403 4332 470 4393 Ber,
483 4331 531 4397 Op.
545 4334 582 4384 cit
593 4369 600 4394 ,
613 4347 639 4397 p.
655 4334 709 4386 144.

259 4430 283 4481 2.
300 4430 397 4492 Leaen,
413 4429 495 4482 Sacro
509 4430 610 4482 Sancta
626 4431 749 4493 concilia,
765 4439 785 4487 t.
798 4435 857 4497 XV,
868 4450 894 4500 p.
912 4434 1021 4487 lat-182.
