2958 5076
271 436 460 480 cacvnunus
482 435 621 481 casrann
642 436 864 481 caunancnnsis
886 435 1086 480 oernmnnms
1199 421 1238 478 95

116 581 297 674 principis»
317 581 558 648 auctoritatem
592 580 855 670 occupavissent
882 579 984 647 fidem
1014 578 1144 648 habere
1166 600 1238 668 non

112 709 236 778 posse;
259 687 304 754 iis
324 692 441 754 tamen
462 687 606 778 Imperii
628 686 741 755 edicta
763 687 1016 768 exhibiturum,
1041 686 1123 753 licet
1144 690 1238 753 tauta

112 794 231 882 gratia
258 815 330 861 non
357 793 455 882 digni
478 794 548 861 sint
562 799 584 860 ¹.
616 792 812 868 Calviniani
842 797 958 860 autem
984 791 1241 884 responderunt

112 900 326 989 religionem
340 905 570 992 augustanam
587 900 835 992 publicandam
850 922 938 978 esse,
950 904 988 968 ut
1004 922 1127 967 omnes
1143 922 1179 967 ce
1197 897 1240 965 ad

112 1030 193 1075 eam
213 1014 336 1097 regant
355 1013 389 1074 et
411 1007 551 1076 Castelli
576 1030 642 1099 pax
664 1009 713 1075 ita
736 1012 903 1091 servetur,
926 1005 1057 1073 nedum
1080 1006 1242 1074 Maximi-

113 1115 210 1182 liano
229 1138 265 1182 se
281 1114 481 1206 subjiciant.
498 1104 629 1182 Itenim
645 1116 754 1206 igitur
776 1114 992 1183 renuntiavit
1007 1113 1238 1204 archiepisco·

113 1245 184 1314 pus
202 1244 239 1289 se
266 1220 308 1289 de
336 1221 480 1314 Imperii
505 1219 644 1313 legibus
666 1244 848 1313 nunquam
871 1221 1125 1312 permissurum
1141 1220 1239 1310 quid·

115 1352 225 1419 quam
241 1329 437 1406 immutari;
454 1330 503 1396 ita
522 1334 638 1396 autem
653 1335 736 1396 tunc
752 1330 859 1396 etiam
876 1327 1060 1397 clementia
1074 1352 1159 1396 usus
1174 1333 1237 1411 est,

116 1441 158 1504 ut
172 1435 399 1527 polliceretur
414 1458 449 1504 se
477 1437 616 1504 veniam
645 1435 807 1503 daturum
837 1458 923 1518 esse,
948 1435 977 1502 si
999 1435 1078 1523 quis
1108 1440 1239 1527 peteret

119 1542 191 1633 (die
207 1545 226 1610 8
242 1566 353 1611 mens.
374 1542 468 1634 Sept.
488 1544 588 1632 1566)
603 1544 625 1609 ³.

165 1649 332 1718 Seditiosi
348 1649 389 1718 de
406 1650 478 1717 suis
494 1649 597 1717 rebus
606 1648 778 1740 plurimos
794 1649 1013 1733 consuluere,
1025 1652 1116 1718 sicut
1130 1648 1239 1718 eccle-

117 1758 208 1824 siam
224 1757 513 1848 Antverpiensem
529 1763 563 1824 et
577 1755 824 1840 Valencenanr‚
851 1759 1084 1850 comitemque
1106 1759 1239 1825 Horna-
1340 1744 1342 1749 ¹

115 1887 217 1947 num,
235 1865 295 1954 qui
309 1862 458 1954 benigno
473 1864 653 1956 respondit
667 1865 705 1931 iu
720 1865 821 1932 terris
836 1865 979 1956 lmperii
994 1866 1146 1957 psalmos
1162 1866 1239 1933 cani

114 1978 150 2040 et
166 1970 432 2063 praedicationes
448 1970 570 2039 haberi
584 1980 610 2051 ³;
628 1972 822 2062 quinetiam
838 1972 1078 2040 Maximiliano
1094 1973 1163 2062 ipsi
1176 1995 1239 2062 pro

116 2079 162 2146 iis
178 2077 317 2169 scripsit
336 2101 380 2145 ne
402 2078 686 2170 archiepiscopus
708 2101 768 2145 eos
796 2079 904 2145 nimis
933 2101 1053 2171 aspere
1076 2083 1239 2146 tractaret

115 2207 205 2253 neve
221 2185 257 2252 in
272 2184 550 2276 desperationem
574 2191 724 2277 cogeret,
741 2191 781 2252 ut
803 2207 883 2253 vere
905 2185 1119 2254 catholicum
1142 2184 1239 2252 dece-

116 2298 172 2360 ret
202 2297 237 2359 et
263 2291 428 2359 utilitatis
443 2291 593 2383 publicae
608 2291 935 2384 diligentissimum,
961 2314 1025 2359 uec
1056 2291 1239 2359 dubitabat

117 2400 205 2489 quin
221 2397 416 2467 remedium
431 2398 691 2467 Maximilianus
712 2398 905 2481 adhiberet,
938 2398 1031 2489 quod
1046 2405 1080 2467 et
1095 2398 1188 2467 Deus
1204 2405 1238 2466 et

117 2505 321 2598 respublica
335 2507 551 2595 requirerent
568 2505 636 2596 (die
653 2512 690 2573 ll
709 2529 822 2575 mens.
841 2505 1049 2597 Septembr.)
1066 2514 1088 2576 ⁴.

164 2612 257 2681 lllud
279 2613 467 2680 consilium
503 2613 765 2681 Maximilianus
794 2614 960 2705 neglexit.
992 2612 1070 2689 Sed.
1101 2614 1238 2682 crudes-

118 2727 218 2788 cente
243 2719 428 2801 seditione,
451 2727 594 2813 questus
616 2721 781 2811 estquod
802 2722 986 2813 Margarita
1007 2722 1146 2790 nullum
1170 2722 1237 2789 sibi

116 2827 289 2896 auxilium
304 2829 421 2894 ferret.
445 2826 676 2896 Granvellano
699 2829 794 2896 enim
824 2828 963 2919 scripsit
987 2828 1058 2918 (die
1081 2832 1101 2896 l
1124 2852 1237 2898 mens.

116 2935 289 3023 Octobr),
307 2956 343 3002 se
358 2933 497 3002 nullum
511 2935 584 3024 jam
600 2957 643 3003 ex
659 2935 811 3004 Castello
827 2935 981 3003 fructum
991 2959 1113 3029 capere
1122 2959 1237 3028 posse,

118 3042 181 3132 qui
196 3042 371 3109 maximus
393 3047 483 3109 esset
505 3042 668 3134 episcopo
691 3041 944 3124 Cameracensi,
969 3066 1050 3110 cum
1072 3043 1239 3134 oppidum

118 3148 308 3218 calviniani
325 3148 537 3232 obtinerent;
555 3150 672 3239 itaque
689 3149 757 3217 sibi
774 3150 935 3216 omnium
950 3172 1069 3217 rerum
1085 3150 1240 3218 leraino-

119 3257 216 3347 piam
232 3277 306 3323 esse
320 3264 347 3336 -⁸;
364 3261 517 3324 attamen
540 3278 575 3323 se
591 3248 864 3347 quadringentos
887 3255 1017 3324 milites
1031 3278 1159 3346 magno
1176 3281 1239 3324 suo

120 3369 263 3455 sumptu
280 3384 398 3431 secum
414 3361 554 3444 babere,
571 3369 604 3430 et
624 3363 831 3454 oppidulum
853 3369 925 3431 tam
948 3363 1142 3431 invalidum
1164 3387 1239 3432 esse

120 3476 159 3539 ut
175 3469 342 3537 [acillime
362 3468 473 3537 tribus
494 3475 555 3538 aut
576 3475 724 3560 quatuor
745 3471 927 3538 tormentis
949 3471 1141 3562 expugnari
1163 3494 1240 3562 pos-

120 3584 192 3659 set3
217 3598 338 3644 verum
361 3575 404 3642 ad
418 3599 495 3644 eam
519 3573 612 3643 diem
639 3575 859 3667 Margaritam
883 3576 1060 3643 censuisse
1088 3575 1177 3643 nihil
1205 3577 1239 3644 vi

120 3682 369 3761 invadendum,
387 3683 446 3751 sed
461 3682 616 3774 Philippi
640 3683 732 3774 regis
754 3682 915 3774 exemplo
934 3681 1014 3751 vela
1035 3684 1071 3750 in
1101 3688 1240 3776 tempus

119 3789 338 3883 stringenda;
354 3791 422 3859 hoc
437 3795 554 3858 autem
570 3811 606 3857 se
621 3789 743 3880 iniquo
764 3790 883 3857 animo
905 3791 1007 3874 ferre,
1032 3789 1124 3880 quod
1147 3790 1239 3859 haud

158 3990 181 4040 1.
199 3986 323 4039 Relation
336 3985 519 4047 destrantur,
533 4001 558 4051 p.
575 3988 606 4039 15
622 3987 648 4037 et
660 3985 700 4038 16.

149 4078 174 4128 2.
192 4075 271 4140 nid,
289 4091 314 4141 p.
332 4075 414 4128 17-19.

149 4166 174 4243 3ὅ
191 4166 270 4227 llu'd„
281 4180 308 4230 p.
324 4165 409 4217 1932.

150 4257 174 4306 t.
193 4254 271 4318 itta„
285 4270 311 4319 p.
324 4254 408 4307 caer.

150 4347 176 4396 5.
194 4345 306 4395 Cornde
322 4342 471 4405 araneola,
486 4341 518 4402 ΙΙ,
547 4356 573 4406 p.
589 4340 614 4393 3.
