2968 5072
374 473 412 517 nn
432 470 630 518 uixmnmuo
653 470 827 516 cnannnrm
848 470 981 516 suasore
1178 455 1235 516 tas

112 619 248 700 venire,
262 624 301 687 ut
313 616 513 710 proceribus
524 614 685 685 ostendas
698 637 770 683 non
784 618 817 683 te
830 614 872 683 ab
887 615 949 700 eis,
958 620 997 684 ut
1006 616 1234 707 jactant,esse

112 725 298 795 detrusum
311 733 331 792 ¹.

158 834 337 915 Attamen,
355 837 388 900 et
400 831 436 898 id
446 832 597 900 maxime
612 829 656 899 ad
668 836 828 899 nostrum
849 829 1066 921 propositum
1090 835 1233 921 spectat,

110 939 377 1011 Maximilianus
393 945 426 1007 et
442 938 704 1019 Granvellanus,
723 938 893 1028 quantum
914 959 956 1004 ex
974 959 1095 1005 eorum
1110 935 1235 1006 litteris

111 1046 273 1138 judicare
290 1047 383 1129 licet,
409 1044 451 1114 de
481 1045 583 1113 rebus
609 1043 758 1135 Belgicis
789 1043 1050 1112 consentiebant
1073 1066 1145 1112 non
1175 1068 1236 1138 per

113 1153 287 1246 supplicia
302 1175 421 1245 pacem
434 1152 570 1221 restitui
585 1174 700 1244 posse.

158 1262 285 1330 Paucae
318 1265 454 1329 tantum
478 1282 601 1328 eorum
631 1257 786 1349 epistolae
816 1258 915 1327 editae
948 1263 1041 1326 sunt.
1073 1258 1186 1326 Prima
1215 1283 1234 1327 a

110 1364 345 1437 Granvellano
361 1366 404 1433 ad
416 1365 695 1437 Maximilianum
711 1366 833 1433 Roma
849 1365 902 1433 die
921 1367 961 1433 12
977 1364 1108 1433 mensis
1119 1366 1234 1434 martii

105 1477 199 1544 1566
215 1475 344 1567 scripta
363 1480 414 1541 est
428 1480 459 1549 ¹;
476 1473 513 1540 in
527 1494 568 1541 ea
583 1471 625 1541 de
647 1471 810 1540 omnibus
825 1473 896 1540 fere
910 1473 1025 1550 rebus,
1050 1495 1127 1564 quae
1146 1473 1235 1541 inter

109 1580 396 1651 Maximilianum
411 1584 443 1648 et
458 1577 730 1649 Granvellenum
755 1579 891 1647 tractari
912 1584 1081 1670 poterant,
1106 1580 1231 1671 agitur.

111 1686 368 1757 Granvellanus
397 1687 490 1754 enim
517 1684 667 1778 explicat
693 1685 777 1777 quid
801 1708 863 1778 pro
892 1686 1133 1755 Maximiliano
1160 1686 1232 1777 (ille

104 1795 253 1866 enimin
267 1794 388 1886 Belgio
409 1792 578 1861 cardinali
594 1791 725 1860 absenti
742 1815 885 1885 operam
901 1792 981 1861 dare
990 1799 1125 1885 poterat
1139 1800 1173 1863 et
1188 1794 1231 1862 ob

107 1904 202 1972 hanc
234 1924 372 1970 causam
386 1924 458 1969 non
476 1899 707 1995 negligendus
731 1900 927 1991 videbatur)
952 1903 1075 1970 Romae
1094 1902 1229 1979 iecerit;

109 2032 180 2102 quo
198 2009 316 2077 studio
332 2031 368 2077 se
384 2009 416 2076 ei
430 2007 633 2077 adfuturum
646 2030 721 2076 esse
737 2014 851 2100 speret
865 2015 924 2077 aut
947 2008 1114 2076 adversus
1130 2031 1231 2078 cano-

110 2120 210 2188 nicos
228 2117 504 2197 Cameracenses,
529 2115 588 2206 qui
609 2115 759 2206 denique
780 2115 932 2185 viderint
959 2116 1172 2185 cardinalem
1196 2139 1231 2183 se

111 2250 183 2295 non
197 2225 381 2293 habituros
394 2222 591 2315 adjutorem
606 2228 726 2291 contra
736 2222 1029 2305 Maximilianum,
1039 2231 1099 2291 aut
1112 2223 1231 2292 adver-

111 2357 170 2403 sus
185 2331 348 2401 abbatem
367 2330 403 2398 S.
423 2328 594 2421 Sepulcri,
614 2330 670 2397 oui
685 2328 732 2398 ita
751 2352 869 2420 aspere
895 2330 1146 2399 Granvellanus
1161 2353 1230 2399 res·

110 2438 273 2534 ponderit
288 2444 328 2506 ut
349 2459 430 2505 eum
460 2459 532 2505 non
557 2460 679 2505 rursus
703 2436 843 2506 viderit.
875 2437 963 2506 Item
989 2438 1228 2509 Maximiliano

109 2546 259 2617 consilia
275 2544 333 2613 dat
349 2543 600 2613 Granvellanus
623 2551 787 2635 tanquam
813 2544 959 2624 amicus,
984 2569 1061 2637 quae
1082 2547 1228 2615 fortasse

108 2678 201 2748 aegre
216 2652 350 2745 accepit
365 2652 636 2735 Cameracensis,
654 2653 792 2721 tametsi
808 2653 993 2722 cardinalis
1018 2656 1118 2745 quasi
1143 2654 1228 2724 obli·

106 2761 347 2855 quaeratione
362 2758 524 2828 utebatur
543 2765 576 2827 et
599 2765 734 2827 tantum
761 2760 919 2853 querelas
939 2761 1121 2843 referebat,
1141 2786 1227 2854 quas

106 2870 181 2962 ipse
207 2869 330 2936 Roma
359 2866 401 2935 de
430 2866 619 2934 immodica
647 2868 878 2936 Maximilieni
907 2868 1027 2959 lingua
1056 2868 1224 2939 audierat.

107 2975 209 3060 Quod
224 2974 267 3043 de
284 2973 523 3044 Maximiliano
537 2973 677 3066 quidam
691 2973 859 3042 sentirent
872 2998 943 3042 non
956 2975 1106 3044 multum
1118 2977 1156 3043 in
1170 2999 1224 3045 res

106 3085 185 3176 ejus
200 3080 414 3164 conducere;
432 3080 547 3173 itaque
564 3080 802 3149 amantissime
815 3104 852 3149 se
876 3104 975 3150 orare
1002 3105 1094 3161 eum,
1121 3090 1173 3167 ut,
1195 3084 1224 3150 si

106 3188 318 3283 quibusdam
333 3186 417 3255 fides
430 3186 639 3267 adhibenda,
657 3193 795 3257 caveret
818 3188 879 3256 ubi
895 3194 929 3256 et
957 3189 1041 3281 quid
1067 3189 1224 3284 loquere-

103 3304 181 3372 tur;
198 3297 321 3364 Romae
337 3295 432 3361 enim
446 3299 479 3361 et
493 3293 577 3361 alibi
594 3317 669 3362 esse
689 3295 749 3387 qui
769 3295 962 3363 clarissime
978 3301 1012 3364 et
1033 3319 1053 3364 a
1079 3294 1223 3388 longin-

103 3427 172 3496 quo
201 3401 373 3471 audirent.
402 3399 442 3467 ld
470 3423 550 3469 eum
575 3402 739 3470 monebat
761 3402 1025 3487 Granvellanus‚
1058 3403 1150 3495 quod
1179 3406 1222 3475 ob

101 3532 232 3600 magna
257 3507 294 3576 in
319 3529 399 3577 eum
427 3508 552 3576 merita
585 3515 618 3576 et
642 3532 744 3577 suam
777 3511 1018 3579 auctoritatem
1046 3512 1164 3581 omnia
1191 3513 1223 3582 ei

102 3617 218 3686 dicere
245 3619 397 3707 poterat;
415 3637 480 3685 nec
495 3621 631 3684 tantum
646 3623 684 3686 ut
698 3615 928 3686 Maximiliani
945 3616 1047 3686 rebus
1064 3621 1219 3704 serviret,

102 3723 286 3793 sedetiam
299 3722 621 3801 utMaximilianus,
646 3746 750 3817 quem
765 3723 1020 3794 Granvellanus
1042 3726 1079 3794 in
1099 3725 1220 3819 Belgio

102 3833 274 3900 fautorem
289 3828 452 3913 babebat,
470 3829 674 3922 prudentior
688 3832 799 3899 iactus
821 3831 929 3924 ipsius
954 3831 1105 3902 absentis
1126 3834 1221 3904 utili-

102 3938 166 4007 tati
181 3936 292 4028 magis
310 3936 519 4006 consuleret.
539 3936 679 4006 Eadem
708 3939 830 4007 litterae
857 3939 1095 4008 Morillonium
1121 3943 1220 4033 quasi

100 4042 260 4113 redolent
275 4048 309 4112 et
324 4065 430 4135 quam
444 4043 653 4142 Morillonio
668 4043 773 4116 fidem
794 4044 1048 4117 Grnnvellanus
1074 4047 1220 4119 heberet

134 4282 158 4334 1.
176 4279 293 4345 Popbra
305 4267 406 4341 cetat,
421 4278 463 4341 lx,
474 4293 500 4343 p.
514 4278 570 4330 652.

132 4379 157 4433 2.
173 4379 294 4443 terrm).
309 4378 342 4428 de
354 4376 505 4440 Granoslte.
517 4377 538 4441 1,
553 4392 580 4446 p.
597 4376 707 4433 166167.
