2958 5076
237 435 278 496 80
560 450 703 505 ουοιιουο
724 451 843 500 ananei
863 450 1038 497 casurum

236 594 453 686 magistratui
469 594 612 686 obsequi
627 595 729 678 velle,
747 619 786 664 ea
801 604 920 664 tamen
933 593 1192 664 condicioneut
1206 596 1356 686 primum

237 702 311 770 laus
327 707 362 769 et
381 701 494 793 gloria
515 702 578 771 Dei
600 709 812 784 servaretur;
831 703 950 794 itaque
971 701 1123 794 amplius
1146 701 1246 770 mille
1269 703 1357 770 cives

236 808 428 901 supplicem
444 808 712 877 illumlibellum
718 810 914 902 porrexisse
925 815 1064 878 tantum
1074 815 1185 900 utpax
1198 810 1357 877 omnibus
1466 862 1467 873 .

236 916 510 1008 integraforet¹.
539 917 698 984 Fortasse
726 917 929 985 Franciscus
958 917 1086 1007 seipsi
1114 916 1355 985 Maximiliano

236 1022 396 1091 libellum
412 1030 656 1116 perrecturum
674 1030 885 1114 speraverat,
902 1023 932 1090 si
947 1023 1007 1093 ille
1024 1022 1263 1093 adecclesiam
1278 1025 1354 1099 iret3

237 1131 499 1222 archiepiscopo
514 1131 785 1221 autemcontigit
798 1137 837 1198 ut
845 1130 881 1198 in
889 1130 1070 1223 publicum
1082 1152 1153 1198 non
1169 1130 1354 1222 prodiret¹.

282 1238 494 1330 Praepositus
523 1237 792 1322 Cameracensis,
830 1237 1001 1306 Henricus
1039 1236 1080 1304 de
1117 1238 1258 1320 Forvie,
1290 1260 1357 1305 non

238 1345 356 1414 animo
374 1343 500 1413 defecit
521 1368 584 1413 nec
608 1344 789 1437 obstupuit
801 1343 822 1412 ³.
853 1344 1030 1414 Libellum
1060 1346 1219 1436 accipere
1249 1345 1359 1412 uoluit

239 1452 499 1543 archiepiscopo
520 1450 739 1527 tradendum,
759 1453 787 1520 si
816 1474 887 1520 non
912 1452 1048 1522 audiret
1075 1451 1158 1542 quid
1175 1475 1238 1544 per
1257 1453 1356 1520 illum

240 1564 406 1651 peterent.
427 1560 514 1627 Cum
529 1563 647 1626 autem
661 1560 864 1627 Franciscus
878 1560 910 1628 ei
925 1560 1052 1627 minari
1067 1558 1259 1643 videretur,
1276 1582 1359 1650 prae·

238 1664 373 1757 positus
386 1666 437 1733 illi
453 1688 594 1735 manum
603 1666 721 1757 injecit
736 1673 770 1734 et
784 1667 901 1734 miuus
914 1665 1026 1735 tribus
1040 1665 1137 1734 horis
1154 1667 1360 1735 Franciscus

235 1771 391 1863 judicata
417 1795 518 1840 causa
547 1773 756 1866 supplicium
793 1774 909 1848 solvit,
947 1774 1040 1863 quod
1066 1773 1209 1843 nomine
1240 1796 1360 1842 eorum

240 1880 298 1970 qui
314 1901 351 1947 se
367 1879 430 1948 Dei
446 1881 625 1947 ministros
641 1880 772 1959 dicunt,
794 1879 955 1982 libellum
978 1880 1170 1973 supplicem
1189 1881 1360 1970 porrexis-

240 1992 304 2069 set,
321 1994 360 2055 ut
382 2010 471 2056 nova
499 1986 564 2055 sibi
595 1987 718 2078 religio
747 1988 900 2078 antiqua
927 1987 1090 2079 religioni
1119 1987 1301 2055 catholicae
1329 1990 1363 2054 et

239 2116 405 2176 romana,
423 2095 459 2161 in
473 2094 537 2162 hac
554 2115 690 2184 semper
715 2094 854 2163 civitate
881 2094 1023 2177 babitae,
1047 2095 1220 2162 contraria
1242 2116 1362 2162 conce-

237 2200 381 2270 deretur
393 2208 495 2295 atque
509 2200 558 2270 ita
572 2223 691 2293 pacem
706 2201 883 2293 publicam
899 2201 1111 2270 turbavisset
1124 2200 1146 2270 ⁸.

264 2308 267 2315 ’
284 2307 546 2376 Maximilianus
559 2309 667 2400 igitur
682 2309 870 2399 praeposito
887 2315 922 2376 et
937 2309 1087 2378 scabinis
1103 2309 1146 2377 ad
1155 2309 1362 2377 catholicam

242 2415 448 2505 religionem
473 2415 650 2484 Cameraci
676 2415 882 2484 servandam
906 2415 1081 2484 confidere
1096 2416 1224 2508 potuit.
1251 2416 1364 2498 Quan-

241 2543 346 2612 quam
367 2525 482 2589 autem
505 2521 548 2590 ob
569 2545 646 2590 eam
673 2544 813 2589 causam
834 2521 958 2615 religio
979 2521 1150 2591 catholica
1170 2521 1364 2614 periclitari

241 2650 314 2696 non
343 2626 537 2706 videbatur,
565 2628 655 2697 nulli
684 2629 826 2697 veniam
854 2628 959 2699 dedit.
990 2628 1165 2697 Francisci
1192 2628 1366 2722 supplicio

240 2733 520 2802 calvinianorum
535 2734 716 2803 audaciam
735 2736 849 2827 fregit,
875 2736 949 2828 qui,
975 2758 1056 2804 cum
1077 2735 1114 2804 in
1136 2737 1213 2804 foro
1237 2736 1367 2805 audiis-

243 2846 319 2909 sent
333 2840 508 2931 quomodo
523 2841 663 2911 libellus
677 2848 839 2934 acceptus
853 2849 953 2925 esset,
973 2843 1090 2910 statim
1105 2842 1141 2910 in
1155 2844 1278 2934 lugam
1294 2867 1366 2912 sese

241 2971 363 3017 omnes
378 2947 561 3031 dederunt,
577 2973 595 3016 ‹
609 2950 745 3040 joanni,
769 2956 808 3017 ut
822 2956 871 3017 est
888 2947 1021 3018 Gallice
1041 2950 1077 3017 in
1098 2950 1300 3041 proverbio,
1323 2975 1365 3020 au

241 3055 375 3124 maudit
389 3056 459 3124 soit
474 3055 505 3124 le
520 3054 660 3124 dernier
676 3065 697 3124 ⁸.
716 3054 918 3124 »Nonnulli
938 3055 1063 3125 exsilio
1084 3054 1223 3124 multati
1236 3064 1366 3125 suntet
1468 3078 1469 3087 ¹

242 3162 304 3230 ubi
321 3162 503 3231 Francisco
520 3169 624 3255 caput
654 3163 828 3231 abscisum
857 3168 943 3244 erat,
972 3160 1146 3231 theatrum
1176 3165 1367 3255 permansit

243 3291 303 3336 sex
318 3269 403 3349 dies,
421 3291 490 3360 quo
505 3269 767 3360 significabatur
781 3269 942 3338 nondum
960 3292 1033 3338 esse
1049 3269 1086 3336 in
1106 3292 1228 3339 omnes
1252 3271 1367 3340 vindi-

245 3382 377 3452 catum;
393 3382 506 3444 erecta
520 3398 658 3469 quoque
681 3375 773 3444 scala
788 3381 839 3444 est
858 3375 902 3443 ad
923 3376 1116 3468 patibulum
1137 3383 1207 3447 tres
1229 3400 1366 3446 meuses
1468 3366 1469 3379 ἶ

244 3482 280 3550 in
294 3504 335 3550 eo
351 3482 429 3551 loco
445 3482 506 3550 ubi
522 3482 730 3574 spargebant
744 3483 899 3551 baeretici
911 3482 948 3550 in
962 3482 1088 3575 vulgus
1104 3483 1172 3552 sibi
1187 3484 1366 3554 virosesse

243 3594 433 3666 sexcentos,
452 3590 631 3682 quisnam
649 3578 855 3682 petitionem
876 3591 932 3658 vel
954 3613 996 3658 ex
1011 3590 1122 3681 gratia
1139 3590 1195 3659 vel
1218 3592 1366 3683 pervim

232 3694 472 3766 obtinerent&

271 3865 295 3917 1.
310 3865 388 3917 Arcb.
404 3865 437 3915 de
451 3863 580 3928 Cambrai,
593 3864 635 3916 Ma
647 3864 717 3917 1168.
731 3867 795 3930 1189.
810 3844 973 3916 cccccccccc
987 3864 1158 3916 crimincllea.

270 3963 295 4013 2·
311 3961 386 4012 Gerr.
401 3961 433 4012 de
449 3961 600 4024 Grannona,
618 3963 650 4024 ll,
664 3977 691 4028 p.
706 3963 761 4014 305.

271 4061 296 4111 3.
310 4060 423 4111 Ibidem.

273 4159 299 4212 4.
311 4159 388 4209 Arcb.
400 4158 432 4209 de
447 4155 575 4219 Cambmt,
591 4157 643 4210 Ma.
658 4158 729 4209 1168.

275 4258 300 4309 5.
317 4259 424 4309 Pennus
439 4257 540 4315 Parare,
553 4256 698 4318 thoirea
713 4257 734 4318 1,
747 4272 773 4322 p.
788 4256 970 4319 1861860011,
985 4271 1011 4320 p.
1026 4254 1072 4308 100
1086 4257 1112 4306 ei
1123 4255 1177 4306 101.

276 4353 444 4417 6100109018
459 4367 493 4403 aa
506 4353 574 4416 Bas,
590 4353 638 4416 op.
653 4355 710 4416 cit,
723 4368 751 4419 p.
765 4354 821 4407 118
