2988 5078
219 467 239 524 t
697 474 864 526 rnorsrnuu

218 644 325 713 copus
339 621 416 703 tuit,
434 619 501 687 alia
516 619 553 687 in
568 610 804 691 Cameracesio
830 621 1031 693 auctoritate
1055 647 1182 708 comes,
1209 623 1276 692 3113
1295 623 1332 692 13

215 728 456 798 Cameracensi
479 726 618 796 dioecesi
631 727 827 821 episcopus,
841 730 910 798 alia
924 730 959 798 in
976 732 1242 824 metropolitana
1253 755 1334 824 pro·

212 837 328 905 vincia
343 836 623 927 archiepiscopus
647 859 731 904 usus
757 843 818 904 331.
839 838 958 907 Primo
976 839 1081 931 igitur
1105 839 1332 908 Cameracesii

211 945 386 1037 totiusque
408 944 445 1011 in
471 942 597 1034 Belgio,
620 942 879 1013 Cameracensis
902 945 1217 1039 archiepiscopatus
1243 948 1330 1016 fines

211 1051 426 1121 describendi
453 1054 546 1132 3331,
564 1055 602 1118 31
627 1049 839 1141 dijudicetur
874 1052 936 1121 ubi
966 1052 1092 1145 majus,
1116 1055 1177 1123 ubi
1211 1055 1328 1122 minus

209 1158 394 1251 imperium
448 1157 647 1242 obtinuerit,
694 1158 819 1251 quibus
857 1159 1054 1229 civitatibus
1098 1161 1328 1231 Cameracesii

209 1291 335 1351 comes,
354 1266 480 1360 quibus
495 1264 834 1359 episcopus-quibus
845 1267 1126 1362 archiepiscopus
1136 1270 1325 1361 praefuerit.

253 1374 529 1444 Cameracesium
545 1373 710 1464 exiguum
728 1380 801 1442 erat
819 1380 852 1442 31
871 1398 952 1443 cum
968 1376 1029 1445 1113
1053 1383 1180 1446 nostre
1207 1375 1326 1446 Galliae

207 1489 408 1578 33313333
423 1505 516 1550 nunc
538 1480 867 1550 «arrandissement
889 1481 930 1555 de
956 1483 1115 1554 Cambrai
1137 1510 1155 1552 3
1184 1484 1323 1564 (1131133,

206 1613 312 1685 prope
327 1588 630 1682 congruebat¹.Ad
645 1589 837 1681 Imperium
854 1590 1101 1659 Germanicum
1116 1592 1322 1685 pertinebat,

209 1700 313 1792 31331
335 1698 520 1790 episcopus
538 1696 751 1765 3133313313
768 1696 1031 1766 Cameracensis
1044 1699 1195 1791 capitulo
1212 1699 1325 1769 delec-

205 1814 267 1903 133
280 1812 364 1891 erat,
393 1803 623 1874 Cameracesii
651 1826 767 1872 comes
789 1810 822 1873 et
846 1804 989 1897 Imperii
1017 1806 1208 1897 germanici
1232 1808 1326 1898 prin-

205 1928 284 2006 ceps
302 1914 344 1983 ab
367 1914 580 2006 Imperatore
605 1911 885 1980 confirmabatur.
914 1912 1040 2005 Reipsa
1064 1919 1191 1994 autem,
1215 1936 1325 2008 quau·

204 2045 309 2114 quam
328 2022 457 2090 tributa
472 2019 629 2113 quaedam
639 2017 681 2087 ab
697 2042 737 2088 eo
750 2019 943 2112 Imperator
954 2022 1161 2113 exposcebat
1174 2045 1323 2115 eumque

204 2128 248 2196 ad
277 2129 470 2198 Germaniae
498 2127 640 2197 comitia
675 2125 876 2207 advocabat,
920 2129 1054 2197 nemini
1095 2130 1325 2199 Cameracesii

204 2260 319 2306 comes
336 2237 507 2306 obnoxius
533 2242 617 2304 erat.
642 2234 683 2301 In
710 2235 949 2305 Cameracesio
976 2259 1039 2306 suo
1065 2239 1162 2329 quasi
1189 2238 1324 2308 infinita

203 2349 369 2438 potestate
385 2345 566 2413 utebatur:
586 2342 761 2411 Cameraci
775 2342 847 2434 ipse
859 2343 1020 2412 scabinos
1033 2344 1205 2436 deligebat
1221 2353 1325 2438 etper

204 2453 428 2545 praepositum
441 2451 617 2520 civitatem
640 2450 677 2517 in
692 2449 767 2541 lege
791 2473 854 2518 sua
882 2451 1040 2536 tenebat3
1066 2476 1146 2520 cum
1169 2453 1322 2546 capitulo

203 2568 350 2644 tautum,
378 2582 480 2650 3333
498 2557 653 2627 (13133133
674 2563 758 2636 3331,
786 2557 947 2650 episcopo
971 2582 1223 2653 nonnunquam
1239 2585 1324 2631 con-

203 2668 372 2737 troversia
387 2667 454 2734 tuit
468 2665 509 2735 de
525 2665 629 2733 rebus
645 2688 721 2756 quae
736 2688 807 2732 333
832 2665 873 2732 ad
889 2666 1087 2753 eeclesiam,
1103 2669 1162 2737 sed
1175 2668 1219 2737 ad
1234 2669 1325 2738 civi-

202 2782 308 2844 tatem
319 2772 554 2866 pertinebant:
572 2772 763 2865 capitulum
781 2774 875 2841 enim
890 2774 1045 2843 obstabat
1073 2799 1129 2860 33,
1150 2777 1225 2868 ipso
1252 2799 1323 2846 333

204 2882 610 2974 assentiente,episcopus
623 2880 768 2971 vectigal
778 2880 958 2950 indiceret.
967 2882 1071 2950 Extra
1080 2885 1319 2970 Camaracum,

204 2991 353 3061 Castello
372 2989 611 3059 Cameracensi
635 3010 749 3056 comes
782 2988 1007 3058 castellanum
1028 2991 1235 3081 praeficiebat
1261 2994 1320 3087 331

205 3124 267 3170 333
280 3102 371 3192 jura,
385 3096 534 3168 Othonis
549 3097 600 3165 Ill
613 3095 801 3188 diplomate
817 3119 908 3166 anno
921 3101 1002 3167 10111
1021 3098 1166 3184 firmata,
1182 3124 1323 3192 pacem-

204 3231 270 3300 que
287 3206 426 3275 civilem
454 3211 626 3286 tueretur;
655 3203 704 3271 ibi
737 3226 873 3295 333333
903 3204 1063 3274 scabinos
1089 3206 1272 3300 deligebat,
1302 3233 1322 3277 a

204 3316 328 3409 quibus
347 3312 511 3406 oppidani
528 3311 686 3380 scabinos
707 3312 972 3381 Cameracenses
995 3314 1223 3406 appellabant.
1250 3317 1321 3384 Ν33

204 3420 432 3492 Cameracesii
463 3420 607 3488 statibus
638 3419 773 3486 comitis
803 3421 990 3489 auctoritas
1021 3421 1198 3491 deminuta
1221 3432 1317 3494 erat:

202 3531 341 3599 ordines
359 3528 464 3612 enim,
481 3527 540 3618 331
559 3531 657 3596 33331
670 3525 798 3609 3133131,
811 3526 945 3596 nobiles
966 3528 1213 3623 civitatumque
1229 3530 1321 3599 dele-

202 3638 284 3728 gati,
299 3635 541 3706 tantummodo
556 3633 597 3702 de
620 3633 850 3703 Carneracesii
873 3635 1079 3704 utilitatibus
1102 3635 1321 3708 deliberatio·

201 3769 283 3815 nem
310 3743 495 3823 habebant,
527 3765 592 3811 nec
619 3743 711 3810 sicut
737 3740 848 3833 Belgii
870 3743 1140 3836 ‘provinciarum
1165 3746 1305 3816 ordines

200 3852 363 3922 videntur
378 3851 496 3919 comiti
514 3850 696 3941 negotium
715 3848 925 3919 exhibuisse.
1239 3920 1253 3947 ἢ

246 3959 522 4030 Cameracesium
534 3980 612 4049 pars
626 3957 752 4039 minor,
766 3958 903 4027 circiter
915 3965 1046 4044 octava,
1060 3959 1319 4031 Cameracensis

201 4069 416 4162 episcopatus
430 4073 515 4136 erat.
533 4066 574 4134 13
589 4063 829 4133 Cameracesio
844 4067 938 4134 enim
958 4072 1054 4135 erant
1067 4074 1203 4137 tantum
1221 4068 1320 4138 deca-

200 4181 300 4245 natus
315 4174 502 4259 Cameraci,
520 4170 660 4243 Castelli
681 4172 938 4242 Cameracensis
949 4174 1229 4268 Bellomansique
1240 4199 1319 4268 pars

228 4424 255 4473 l.
273 4421 311 4472 133
321 4422 402 4480 Gur,
415 4416 549 4470 Glorraire
561 4413 772 4480 topographique
782 4415 814 4464 de
827 4415 943 4468 t’ancien
957 4416 1112 4469 033313έεὶ3.
