2958 5076
266 497 452 542 calumnas
473 496 614 540 clsrmn
634 490 857 538 cananacansrs
879 490 1077 536 orrmnamns
1193 473 1231 532 93

152 642 300 708 Frustra
314 640 421 732 igitur
442 662 502 731 per
528 638 638 706 edicta
664 641 800 705 tantum
819 635 1078 704 Maximilianus
1102 632 1231 702 Castel-

106 748 184 816 lum
201 747 238 814 in
255 747 369 815 officio
393 746 569 829 continere
594 745 716 812 voluit.
751 743 838 811 Cum
858 743 1043 834 prohibere
1065 741 1233 809 voluisset

107 879 154 923 ne
178 855 366 922 calviniani
385 853 575 922 Castellum
600 851 789 919 incolentes
815 850 1041 919 Valentianas
1063 849 1152 941 irent
1175 853 1235 914 aut

107 962 147 1029 in
162 961 253 1030 alios
269 961 363 1029 locos
374 960 556 1028 haereticas
581 958 844 1051 praedicationes
869 956 1040 1038 auditum,
1056 955 1093 1024 in
1110 955 1232 1023 subur-

108 1068 171 1135 bio
186 1068 449 1159 praedicationes
464 1067 593 1135 habitae
610 1072 703 1149 sunt,
725 1071 759 1134 et
782 1065 838 1133 die
855 1067 897 1131 28
918 1065 1048 1131 mensis
1060 1062 1140 1153 julii
1157 1062 1235 1130 Gal-

109 1176 168 1242 lus
186 1175 341 1265 quidam‚
359 1175 543 1267 Philippus
560 1174 714 1256 nomine,
726 1172 881 1242 ecclesiae
893 1171 1232 1262 Tupigniaeipastor,
1289 1258 1292 1262 A

112 1305 196 1350 cum
209 1282 329 1349 multis
343 1281 454 1350 Gallis
476 1280 659 1365 haereticis,
684 1280 863 1372 prohibita
877 1279 932 1348 rel
954 1279 990 1347 in
1012 1278 1127 1348 Gallia
1142 1299 1237 1345 arma

110 1389 319 1471 serentibus
337 1389 478 1457 nemine
495 1389 664 1467 obstante,
682 1389 870 1456 Castellum
885 1388 980 1456 venit
997 1407 1005 1468 ;
1022 1387 1080 1476 qui
1097 1385 1237 1475 quidem

111 1497 150 1563 in
177 1495 344 1586 oppidum
374 1496 597 1578 introiissent,
625 1494 691 1563 nisi
720 1495 906 1587 Philippus
933 1493 1165 1587 prohibuisset
1191 1498 1235 1574 et,

112 1609 194 1695 pest
207 1602 503 1694 praedicationem,
524 1603 776 1694 Tupigniacum
792 1626 952 1670 reversus
967 1609 1058 1671 esset
1071 1607 1092 1668 ⁴.

160 1709 402 1779 Maximiliano
415 1717 532 1779 autem
554 1734 626 1778 non
642 1734 691 1778 eae
715 1717 923 1802 erantopes,
940 1709 1065 1799 quibus
1091 1708 1126 1775 vi
1150 1706 1238 1775 sedi-

113 1817 250 1885 tionem
289 1815 514 1909 incipientem
555 1818 809 1910 comprimeret.
846 1817 971 1911 Itaque
1010 1816 1239 1885 castellanum

113 1924 362 2008 Cameracesii,
387 1925 571 1994 Claudium
591 1925 633 1993 de
657 1926 691 1993 la
713 1925 891 2004 Hamaide,
924 1923 1020 1992 omni
1045 1925 1178 1992 ratione
1201 1945 1239 1990 ac

116 2031 315 2122 praesertim
333 2031 572 2101 cohortatione
586 2032 770 2126 prohibere
787 2032 888 2122 jubet
908 2056 952 2101 ne
978 2031 1239 2123 praedicationes

114 2136 359 2218 habeantur²;
389 2138 450 2206 sed
473 2141 618 2224 frustra;
647 2164 728 2208 nam
757 2139 944 2208 calviniani
971 2145 1054 2206 tunc
1083 2139 1240 2231 proxime

116 2245 243 2313 urbem
260 2245 513 2314 conveniebant
528 2254 562 2314 et
576 2246 781 2339 praedicator
798 2270 877 2315 cum
902 2247 1022 2314 multis
1037 2246 1146 2314 Gallis
1171 2245 1240 2314 col-

115 2350 218 2419 lectis
232 2352 442 2446 armatisque
456 2354 644 2423 militarem
659 2356 696 2422 in
716 2354 859 2424 modum
880 2376 971 2446 saepe
994 2353 1128 2421 redibat
1141 2359 1163 2421 ³.
1190 2355 1240 2421 Ne

115 2459 242 2538 multa,
261 2458 297 2526 in
312 2458 449 2527 civitate
466 2461 621 2529 seditiosi
634 2462 802 2530 dominati
825 2467 924 2545 sunt,
950 2483 1127 2529 successor
1147 2460 1241 2527 enim

116 2565 266 2648 Claudii,
291 2566 415 2634 Petrus
442 2569 705 2652 Memorantius,
724 2592 804 2638 cum
833 2567 1051 2660 paucissimis
1080 2568 1239 2649 hastatis

116 2694 206 2763 quos
219 2678 259 2740 ut
274 2680 427 2741 servaret
439 2675 529 2743 cives
544 2676 685 2745 Castelli
701 2677 940 2769 permiserant,
957 2675 992 2742 in
1000 2675 1086 2743 urbe
1101 2698 1241 2743 manere

117 2803 191 2846 non
207 2780 337 2871 potuit;
356 2803 424 2871 quo
439 2784 605 2873 profecto,
624 2784 739 2851 nullas
763 2807 798 2851 se
821 2782 994 2852 custodias
1016 2783 1052 2850 in
1074 2780 1242 2874 oppidum

118 2912 139 2955 a
153 2887 457 2956 Reverendissimo
469 2890 729 2983 archiepiscopo
745 2898 945 2981 recepturos
967 2889 1240 2970 declaraverunt,

120 3016 166 3062 ne
181 3012 242 3084 per
257 3015 316 3061 eas
332 2997 614 3086 opprimerentur
628 3003 654 3064 ⁴.

169 3101 258 3170 Cum
273 3124 327 3169 res
343 3102 390 3170 ita
413 3126 449 3173 se
471 3104 626 3182 haberet,
657 3105 848 3197 capitulum
875 3110 909 3172 et
935 3102 1055 3172 civitas
1085 3103 1243 3170 Camera-

122 3207 236 3275 censis
265 3207 454 3277 Castellum
477 3212 607 3301 legatos
630 3211 673 3279 ad
696 3211 976 3279 conciliationem
1003 3210 1123 3301 gratiae
1143 3207 1245 3277 mise·

123 3320 227 3381 runt:
247 3314 307 3404 qui
322 3314 456 3407 placide
481 3341 519 3383 ac
544 3318 664 3386 multis
683 3317 897 3409 argumentis
921 3316 1246 3386 demonstraverunt

122 3444 230 3511 quam
251 3421 401 3512 graviter
429 3423 583 3491 seditiosi
608 3430 789 3516 peccarent
815 3432 849 3492 et
870 3423 906 3491 in
934 3430 1063 3515 quanto
1088 3422 1244 3516 periculo

121 3528 234 3596 lutari
250 3535 374 3605 essent,
393 3528 474 3597 sisa
490 3531 726 3599 Maximiliano
751 3553 822 3599 non
837 3530 1060 3623 subjicerent.
1083 3530 1170 3599 Cum
1186 3530 1244 3600 diu

123 3635 161 3701 in
174 3634 349 3725 colloquio
364 3636 523 3717 fuissent,
539 3639 694 3707 seditiosi
718 3637 866 3730 polliciti
887 3645 968 3705 sunt
990 3661 1026 3706 se
1046 3638 1245 3729 quindecim

123 3740 199 3810 dies
210 3742 473 3833 praedicationes
489 3762 560 3812 non
575 3746 770 3827 habituros,
789 3751 823 3814 et
847 3746 979 3814 interea
1006 3745 1089 3837 quid
1104 3768 1245 3837 respon·

124 3847 280 3916 dendnm
296 3857 387 3917 esset
401 3851 538 3921 visuros
554 3859 575 3922 ⁸.

154 4009 178 4058 4.
191 4006 315 4058 deletion
330 4009 376 4060 dea
391 4011 516 4075 troubles,
532 4026 562 4077 p.
578 4014 602 4062 8.
616 4039 648 4052 -
659 4014 785 4065 Diacours
799 4013 832 4066 de
847 4012 874 4064 lo
890 4014 1026 4073 cabellian,
1042 4029 1070 4078 p.
1088 4014 1144 4066 243.

157 4105 183 4158 2.
196 4105 322 4158 Diaeours
335 4107 369 4160 de
382 4107 409 4159 la
424 4109 559 4172 cabellian,
574 4125 601 4176 p.
613 4111 669 4163 244.

159 4195 183 4245 3.
199 4194 276 4256 loia,
293 4210 322 4260 p.
340 4196 395 4248 245.

159 4294 183 4343 4.
201 4292 280 4354 lota..
294 4308 321 4359 p.
335 4294 392 4348 24⁵.

159 4390 184 4443 b.
203 4390 281 4455 leid,
296 4407 322 4456 p.
338 4393 385 4445 246
399 4398 425 4447 at
442 4396 561 4449 ltelalien
576 4399 621 4449 dea
637 4398 761 4460 troubles,
778 4414 801 4461 p.
819 4402 843 4450 8.
