2958 5076
264 461 321 520 100
586 473 729 526 ooouoro
750 473 866 518 annrsr
887 471 1060 518 oasrnnmr

262 617 493 686 Galliaeviam
515 609 773 685 intercluderet,
798 616 900 683 Anno
927 616 1025 693 1568,
1055 613 1248 682 Castellum
1275 637 1375 708 expu-

258 746 363 815 gnare
386 723 559 813 Orongius
585 724 752 791 tentavit;
786 722 974 790 castellano
1007 722 1143 789 Wortio
1166 745 1211 789 ne
1238 728 1373 791 centum

260 831 401 921 quidem
417 830 548 898 milites
570 836 697 921 praesto
725 835 834 909 erant,
862 828 987 918 quibus
1009 827 1178 918 oppidum
1205 834 1371 904 incretum

260 936 376 1026 itaque
392 937 486 1004 cives
501 944 536 1002 at
554 937 645 1026 ipsas
660 935 826 1002 mulieres
844 936 951 1001 armis
979 935 1170 1002 instructos
1196 935 1233 1001 in
1257 938 1374 1003 morni-

258 1041 322 1111 bus
338 1042 508 1135 disposuit
523 1041 676 1132 Orongin
705 1041 983 1132 conspiciendae,
1012 1047 1051 1108 ut
1078 1064 1226 1108 numero
1243 1042 1370 1133 decepti

258 1151 446 1220 calviniani
461 1172 519 1217 eos
528 1149 670 1241 aggredi
683 1171 755 1215 non
771 1147 955 1222 auderent;
974 1154 1098 1215 etcum
1114 1149 1152 1214 in
1169 1149 1247 1238 ipso
1256 1149 1374 1239 oppido

257 1256 355 1325 nulla
374 1257 621 1325 haereticorum
647 1257 771 1322 fnisset
800 1254 965 1346 proditio,
998 1256 1162 1322 trecentis
1192 1256 1374 1338 militibus,

255 1363 448 1456 imperante
464 1363 614 1431 Roberto
631 1362 673 1429 de
689 1363 868 1439 Harchies¹
893 1360 1037 1429 domino
1061 1361 1102 1430 de
1135 1360 1279 1440 Motain,
1295 1369 1375 1431 tem·

257 1495 323 1563 pus
345 1472 412 1537 fuit
439 1470 480 1537 ad
497 1471 668 1539 auxilium
685 1469 836 1538 Castalio
852 1469 1055 1549 ferendnn1;
1076 1469 1136 1559 qui
1153 1469 1191 1534 in
1213 1469 1375 1559 oppidum

263 1578 412 1668 ingressi
445 1582 538 1656 sunt,
573 1578 788 1668 inspectante
816 1576 981 1666 Orongin,
1005 1575 1063 1664 qui
1093 1576 1222 1642 frustra
1250 1577 1286 1642 in
1308 1580 1377 1668 ejus

261 1707 388 1776 agmen
403 1684 532 1751 ferreos
549 1683 673 1774 globos
687 1681 859 1774 jaculatus
875 1689 926 1749 est
941 1688 961 1749 ¹.

302 1792 354 1858 Ex
377 1814 442 1882 qno
472 1797 613 1882 apparet
639 1789 822 1857 haereticos
852 1788 993 1857 Castelli
1020 1789 1067 1855 ita
1094 1813 1114 1855 a
1139 1789 1376 1857 Maximitiano

258 1920 443 1990 oppressos
461 1919 546 1975 esse,
557 1904 596 1964 nt
613 1895 757 1987 Orangii
775 1895 925 1964 adventu
944 1895 986 1962 ad
1000 1917 1122 1962 rursus
1139 1895 1377 1964 rebellandum

256 2026 328 2073 non
340 2005 395 2072 usi
412 2008 494 2081 sint,
513 2003 601 2071 etab
628 2004 754 2070 exteris
781 2009 918 2071 tantum
947 2001 1124 2069 haereticis
1152 2003 1377 2072 Cameracesii

256 2111 343 2179 fines
356 2113 428 2203 jam
446 2112 589 2186 vastati;
608 2110 655 2178 ita
668 2112 773 2178 etiam
789 2109 938 2178 Castello
967 2109 1153 2176 haereticos
1174 2110 1378 2179 Maximilia-

257 2241 323 2286 nus
341 2220 503 2301 extraxit,
520 2224 559 2284 ut
571 2217 759 2285 calviniani
781 2218 841 2308 qui
861 2239 955 2284 nnnc
983 2217 1020 2281 in
1036 2215 1100 2282 hac
1127 2217 1214 2284 urbe
1237 2225 1328 2296 sunt,
1361 2244 1379 2285 a

251 2312 432 2416 'gentibus
455 2348 532 2416 quae
547 2347 619 2392 non
637 2324 920 2393 Cameraeesium
952 2321 1035 2391 XVI
1052 2321 1180 2390 saeculo
1205 2323 1376 2402 colebant,

258 2432 429 2523 originem
448 2434 600 2500 trabant.

669 2750 707 2817 C.
745 2749 967 2818 Valentianis.

305 2983 444 3051 Castalii
460 2981 602 3073 quidem
619 3005 674 3049 res
687 2981 862 3049 haereticae
877 2981 919 3047 ad
934 2983 1213 3050 Maximiliannm
1232 2990 1266 3051 et
1275 2986 1377 3052 comi-

261 3097 331 3158 tem
347 3097 381 3158 et
396 3091 599 3181 episcopum
621 3087 825 3165 attinebant,
848 3088 1067 3157 Valentianis
1099 3096 1229 3173 autem,
1252 3092 1376 3182 quippe

260 3221 337 3286 quae
351 3198 386 3264 in
404 3197 558 3279 dioeeesi,
586 3218 657 3262 non
685 3197 721 3261 in
752 3196 987 3264 Cameracesio
1013 3192 1144 3276 essent,
1173 3203 1311 3264 tantum
1335 3196 1377 3264 ad

261 3307 477 3396 episcopum.
504 3303 700 3372 Valencena
725 3309 843 3369 autem
865 3303 1000 3386 civitae,
1020 3305 1085 3372 etsi
1105 3302 1271 3394 Phiiippo
1292 3305 1374 3392 Regi

262 3412 419 3503 subjecta
436 3416 520 3493 erat,
543 3410 642 3499 qnasi
669 3409 778 3476 libera
803 3431 874 3477 non
902 3435 972 3479 uno
998 3414 1078 3503 jure
1092 3411 1269 3493 utebatur,
1287 3411 1376 3479 undo

257 3521 424 3610 episcopo
439 3519 508 3585 alia
525 3515 740 3583 difficultatis
754 3540 856 3585 causa
869 3518 947 3584 suit.

306 3626 425 3714 ltaque
444 3623 660 3691 Valentianis
689 3623 950 3690 Maximilianus
978 3625 1090 3716 primo
1118 3627 1274 3716 episcopi
1300 3626 1376 3717 jura

263 3731 417 3803 defendit
433 3737 552 3799 eontra
564 3731 819 3821 magistratum,
838 3731 896 3819 qni
915 3755 1016 3798 suum
1033 3754 1107 3800 esse
1128 3732 1260 3799 civium
1288 3732 1378 3823 jndi-

264 3843 358 3910 cium
374 3838 614 3920 contendebat,
636 3835 727 3904 unde
744 3839 871 3928 saepius
896 3838 937 3906 de
955 3839 1087 3930 judicio
1118 3862 1222 3928 qnam
1247 3838 1288 3907 de
1317 3841 1377 3908 fide

261 3946 431 4017 catholica
447 3943 614 4012 servanda
627 3950 789 4020 certatum
809 3944 902 4028 dein,
924 3967 966 4012 ex
982 3945 1175 4035 Margaritae
1199 3947 1377 4039 praeceptis

264 4056 479 4128 Valencenos
493 4052 708 4144 presbyteros
730 4054 870 4146 corrigit
896 4060 929 4122 et
954 4051 1105 4120 restituit
1131 4057 1176 4131 et,
1208 4058 1247 4120 ut
1273 4054 1378 4121 haere·

292 4219 315 4268 1.
336 4216 455 4279 Corresp.
470 4213 502 4263 de
518 4211 640 4276 Philippa
654 4214 687 4273 11,
701 4217 719 4263 t.
733 4214 765 4275 ΙΙ,
778 4228 806 4277 p.
823 4214 879 4265 141.
898 4239 929 4251 -
944 4212 1153 4263 Commentairea
1166 4214 1198 4264 de
1216 4213 1376 4264 Bernardino

260 4297 437 4356 deMendoeo,
452 4294 516 4343 trad.
532 4307 577 4356 par
590 4292 724 4355 Lounrrn,
788 4310 814 4357 p.
836 4294 950 4346 rra-221.
974 4319 1006 4332 -
1028 4294 1154 4343 Archives
1172 4295 1205 4344 du
1228 4296 1324 4359 depert.
1347 4296 1379 4344 du

260 4381 340 4438 Nord,
356 4377 410 4438 ΒΒ,
423 4376 489 4435 Reg.
504 4372 578 4423 2602.
