<?xml version="1.0" encoding="UTF-8"?>
<!DOCTYPE html PUBLIC "-//W3C//DTD XHTML 1.0 Transitional//EN"
    "http://www.w3.org/TR/xhtml1/DTD/xhtml1-transitional.dtd">
<html xmlns="http://www.w3.org/1999/xhtml" xml:lang="en" lang="en">
 <head>
  <title>
</title>
<meta http-equiv="Content-Type" content="text/html;charset=utf-8" />
  <meta name='ocr-system' content='tesseract 3.04.00' />
  <meta name='ocr-capabilities' content='ocr_page ocr_carea ocr_par ocr_line ocrx_word'/>
</head>
<body>
  <div class='ocr_page' id='page_1' title='image "./demaximilianoab00cardgoog_0116.png"; bbox 0 0 2958 5076; ppageno 0'>
   <div class='ocr_carea' id='block_1_1' title="bbox 267 450 1234 509">
    <p class='ocr_par' dir='ltr' id='par_1_1' title="bbox 267 450 1234 509">
     <span class='ocr_line' id='line_1_1' title="bbox 267 450 1234 509; baseline 0 -1"><span class='ocrx_word' id='word_1_1' title='bbox 267 460 454 509; x_wconf 75' lang='lat' dir='ltr'><strong>catvlrtlxuls</strong></span> <span class='ocrx_word' id='word_1_2' title='bbox 474 463 613 508; x_wconf 69' lang='lat' dir='ltr'><strong>casium</strong></span> <span class='ocrx_word' id='word_1_3' title='bbox 633 462 856 509; x_wconf 75' lang='lat' dir='ltr'><strong>cauuxacsnsls</strong></span> <span class='ocrx_word' id='word_1_4' title='bbox 877 461 1076 508; x_wconf 75' lang='lat' dir='ltr'><strong>orrafflunms</strong></span> <span class='ocrx_word' id='word_1_5' title='bbox 1196 450 1234 509; x_wconf 82' lang='lat'><strong>97</strong></span> 
     </span>
    </p>
   </div>
   <div class='ocr_carea' id='block_1_2' title="bbox 7 604 1238 4017">
    <p class='ocr_par' dir='ltr' id='par_1_2' title="bbox 7 604 1236 1641">
     <span class='ocr_line' id='line_1_2' title="bbox 107 604 1229 696; baseline -0.003 -20"><span class='ocrx_word' id='word_1_6' title='bbox 107 608 224 676; x_wconf 89' lang='lat' dir='ltr'><strong>censis</strong></span> <span class='ocrx_word' id='word_1_7' title='bbox 238 606 472 674; x_wconf 79' lang='lat' dir='ltr'><strong>narrationem</strong></span> <span class='ocrx_word' id='word_1_8' title='bbox 488 604 637 695; x_wconf 77' lang='lat' dir='ltr'><strong>scripsit,</strong></span> <span class='ocrx_word' id='word_1_9' title='bbox 671 604 865 672; x_wconf 77' lang='lat' dir='ltr'><strong>calviniana</strong></span> <span class='ocrx_word' id='word_1_10' title='bbox 881 627 965 672; x_wconf 89' lang='grc'><strong>6666</strong></span> <span class='ocrx_word' id='word_1_11' title='bbox 987 605 1140 696; x_wconf 89' lang='lat' dir='ltr'><strong>privatus</strong></span> <span class='ocrx_word' id='word_1_12' title='bbox 1165 613 1229 685; x_wconf 89' lang='grc'><strong>661,</strong></span> 
     </span>
     <span class='ocr_line' id='line_1_3' title="bbox 7 710 1234 805; baseline -0.004 -20"><span class='ocrx_word' id='word_1_13' title='bbox 7 778 9 785; x_wconf 58' lang='grc'><strong>.</strong></span> <span class='ocrx_word' id='word_1_14' title='bbox 107 714 202 805; x_wconf 90' lang='lat' dir='ltr'><strong>quod</strong></span> <span class='ocrx_word' id='word_1_15' title='bbox 220 713 417 782; x_wconf 90' lang='lat' dir='ltr'><strong>consistorii</strong></span> <span class='ocrx_word' id='word_1_16' title='bbox 435 734 559 779; x_wconf 87' lang='lat' dir='ltr'><strong>arcana</strong></span> <span class='ocrx_word' id='word_1_17' title='bbox 575 711 788 802; x_wconf 79' lang='lat' dir='ltr'><strong>protulisset.</strong></span> <span class='ocrx_word' id='word_1_18' title='bbox 804 711 844 778; x_wconf 91' lang='grc'><strong>16</strong></span> <span class='ocrx_word' id='word_1_19' title='bbox 869 710 1047 779; x_wconf 88' lang='grc'><strong>6661611661</strong></span> <span class='ocrx_word' id='word_1_20' title='bbox 1066 717 1100 779; x_wconf 91' lang='grc'><strong>61</strong></span> <span class='ocrx_word' id='word_1_21' title='bbox 1124 714 1234 780; x_wconf 90' lang='grc'><strong>66661-</strong></span> 
     </span>
     <span class='ocr_line' id='line_1_4' title="bbox 108 817 1231 910; baseline -0.002 -22"><span class='ocrx_word' id='word_1_22' title='bbox 108 843 240 888; x_wconf 83' lang='lat' dir='ltr'><strong>norum</strong></span> <span class='ocrx_word' id='word_1_23' title='bbox 256 819 375 887; x_wconf 90' lang='lat' dir='ltr'><strong>locum</strong></span> <span class='ocrx_word' id='word_1_24' title='bbox 391 817 565 886; x_wconf 82' lang='lat' dir='ltr'><strong>sexdecim</strong></span> <span class='ocrx_word' id='word_1_25' title='bbox 582 819 740 886; x_wconf 85' lang='lat' dir='ltr'><strong>virorum</strong></span> <span class='ocrx_word' id='word_1_26' title='bbox 762 817 953 886; x_wconf 91' lang='lat' dir='ltr'><strong>concilium</strong></span> <span class='ocrx_word' id='word_1_27' title='bbox 977 818 1155 897; x_wconf 88' lang='lat' dir='ltr'><strong>successit,</strong></span> <span class='ocrx_word' id='word_1_28' title='bbox 1174 819 1231 910; x_wconf 90' lang='lat' dir='ltr'><strong>qui</strong></span> 
     </span>
     <span class='ocr_line' id='line_1_5' title="bbox 105 924 1231 1019; baseline -0.002 -24"><span class='ocrx_word' id='word_1_29' title='bbox 105 927 284 1019; x_wconf 86' lang='lat' dir='ltr'><strong>judicium</strong></span> <span class='ocrx_word' id='word_1_30' title='bbox 313 931 521 994; x_wconf 78' lang='lat' dir='ltr'><strong>exercerent.</strong></span> <span class='ocrx_word' id='word_1_31' title='bbox 551 924 640 994; x_wconf 86' lang='lat' dir='ltr'><strong>Cum</strong></span> <span class='ocrx_word' id='word_1_32' title='bbox 664 924 706 992; x_wconf 89' lang='lat' dir='ltr'><strong>de</strong></span> <span class='ocrx_word' id='word_1_33' title='bbox 722 924 859 1014; x_wconf 85' lang='lat' dir='ltr'><strong>magnis</strong></span> <span class='ocrx_word' id='word_1_34' title='bbox 883 925 1031 1016; x_wconf 88' lang='lat' dir='ltr'><strong>negotiis</strong></span> <span class='ocrx_word' id='word_1_35' title='bbox 1056 926 1231 1016; x_wconf 86' lang='lat' dir='ltr'><strong>agebatur,</strong></span> 
     </span>
     <span class='ocr_line' id='line_1_6' title="bbox 109 1031 1233 1104; baseline -0.001 -1"><span class='ocrx_word' id='word_1_36' title='bbox 109 1033 362 1104; x_wconf 88' lang='lat' dir='ltr'><strong>consistorium</strong></span> <span class='ocrx_word' id='word_1_37' title='bbox 377 1039 410 1101; x_wconf 89' lang='grc'><strong>61</strong></span> <span class='ocrx_word' id='word_1_38' title='bbox 423 1031 598 1100; x_wconf 87' lang='lat' dir='ltr'><strong>sexdecim</strong></span> <span class='ocrx_word' id='word_1_39' title='bbox 612 1032 682 1099; x_wconf 81' lang='lat' dir='ltr'><strong>viri</strong></span> <span class='ocrx_word' id='word_1_40' title='bbox 702 1054 922 1099; x_wconf 89' lang='lat' dir='ltr'><strong>communem</strong></span> <span class='ocrx_word' id='word_1_41' title='bbox 946 1031 1233 1102; x_wconf 85' lang='lat' dir='ltr'><strong>deliberationem</strong></span> 
     </span>
     <span class='ocr_line' id='line_1_7' title="bbox 108 1138 1236 1231; baseline 0 -23"><span class='ocrx_word' id='word_1_42' title='bbox 108 1141 298 1223; x_wconf 86' lang='lat' dir='ltr'><strong>habebant,</strong></span> <span class='ocrx_word' id='word_1_43' title='bbox 317 1140 409 1209; x_wconf 91' lang='lat' dir='ltr'><strong>unde</strong></span> <span class='ocrx_word' id='word_1_44' title='bbox 425 1145 567 1231; x_wconf 88' lang='lat' dir='ltr'><strong>apparet</strong></span> <span class='ocrx_word' id='word_1_45' title='bbox 581 1138 769 1208; x_wconf 86' lang='lat' dir='ltr'><strong>Castellum</strong></span> <span class='ocrx_word' id='word_1_46' title='bbox 785 1140 858 1229; x_wconf 88' lang='lat' dir='ltr'><strong>jam</strong></span> <span class='ocrx_word' id='word_1_47' title='bbox 879 1145 954 1206; x_wconf 90' lang='lat' dir='ltr'><strong>tum</strong></span> <span class='ocrx_word' id='word_1_48' title='bbox 980 1139 1127 1207; x_wconf 90' lang='lat' dir='ltr'><strong>liberam</strong></span> <span class='ocrx_word' id='word_1_49' title='bbox 1152 1142 1236 1209; x_wconf 90' lang='lat' dir='ltr'><strong>civi-</strong></span> 
     </span>
     <span class='ocr_line' id='line_1_8' title="bbox 108 1245 1232 1337; baseline 0 -20"><span class='ocrx_word' id='word_1_50' title='bbox 108 1255 219 1317; x_wconf 83' lang='lat' dir='ltr'><strong>tatem</strong></span> <span class='ocrx_word' id='word_1_51' title='bbox 236 1247 470 1315; x_wconf 88' lang='lat' dir='ltr'><strong>calvinianam</strong></span> <span class='ocrx_word' id='word_1_52' title='bbox 484 1247 656 1314; x_wconf 77' lang='lat' dir='ltr'><strong>suissed</strong></span> <span class='ocrx_word' id='word_1_53' title='bbox 683 1245 737 1313; x_wconf 90' lang='grc'><strong>616</strong></span> <span class='ocrx_word' id='word_1_54' title='bbox 762 1247 803 1313; x_wconf 85' lang='grc'><strong>26</strong></span> <span class='ocrx_word' id='word_1_55' title='bbox 829 1247 959 1313; x_wconf 88' lang='lat' dir='ltr'><strong>mensis</strong></span> <span class='ocrx_word' id='word_1_56' title='bbox 981 1249 1119 1337; x_wconf 85' lang='lat' dir='ltr'><strong>augusti</strong></span> <span class='ocrx_word' id='word_1_57' title='bbox 1146 1252 1232 1318; x_wconf 84' lang='grc'><strong>1666</strong></span> 
     </span>
     <span class='ocr_line' id='line_1_9' title="bbox 105 1352 1235 1447; baseline 0 -24"><span class='ocrx_word' id='word_1_58' title='bbox 105 1354 277 1447; x_wconf 88' lang='lat' dir='ltr'><strong>usquead</strong></span> <span class='ocrx_word' id='word_1_59' title='bbox 294 1354 444 1422; x_wconf 81' lang='grc'><strong>6166621</strong></span> <span class='ocrx_word' id='word_1_60' title='bbox 461 1353 575 1421; x_wconf 89' lang='lat' dir='ltr'><strong>martii</strong></span> <span class='ocrx_word' id='word_1_61' title='bbox 587 1356 685 1432; x_wconf 81' lang='grc'><strong>1661,</strong></span> <span class='ocrx_word' id='word_1_62' title='bbox 696 1352 885 1420; x_wconf 89' lang='lat' dir='ltr'><strong>calviniani</strong></span> <span class='ocrx_word' id='word_1_63' title='bbox 906 1375 1033 1421; x_wconf 91' lang='lat' dir='ltr'><strong>novem</strong></span> <span class='ocrx_word' id='word_1_64' title='bbox 1052 1356 1235 1424; x_wconf 91' lang='lat' dir='ltr'><strong>matrimo-</strong></span> 
     </span>
     <span class='ocr_line' id='line_1_10' title="bbox 107 1459 1236 1552; baseline 0.003 -23"><span class='ocrx_word' id='word_1_65' title='bbox 107 1463 171 1530; x_wconf 91' lang='lat' dir='ltr'><strong>nia</strong></span> <span class='ocrx_word' id='word_1_66' title='bbox 186 1460 449 1529; x_wconf 89' lang='lat' dir='ltr'><strong>celebraverunt</strong></span> <span class='ocrx_word' id='word_1_67' title='bbox 464 1464 498 1527; x_wconf 91' lang='grc'><strong>61</strong></span> <span class='ocrx_word' id='word_1_68' title='bbox 513 1464 645 1550; x_wconf 88' lang='lat' dir='ltr'><strong>septem</strong></span> <span class='ocrx_word' id='word_1_69' title='bbox 661 1464 694 1527; x_wconf 91' lang='grc'><strong>61</strong></span> <span class='ocrx_word' id='word_1_70' title='bbox 717 1459 842 1549; x_wconf 90' lang='lat' dir='ltr'><strong>viginti</strong></span> <span class='ocrx_word' id='word_1_71' title='bbox 868 1459 1016 1527; x_wconf 87' lang='grc'><strong>16166166</strong></span> <span class='ocrx_word' id='word_1_72' title='bbox 1040 1460 1236 1552; x_wconf 86' lang='lat' dir='ltr'><strong>baptizave-</strong></span> 
     </span>
     <span class='ocr_line' id='line_1_11' title="bbox 99 1570 865 1641; baseline 0.005 -4"><span class='ocrx_word' id='word_1_73' title='bbox 99 1578 188 1637; x_wconf 87' lang='lat' dir='ltr'><strong>runt</strong></span> <span class='ocrx_word' id='word_1_74' title='bbox 203 1570 223 1634; x_wconf 72' lang='lat'><strong>¹,</strong></span> <span class='ocrx_word' id='word_1_75' title='bbox 863 1635 865 1641; x_wconf 85' lang='lat'><em>.</em></span> 
     </span>
    </p>

    <p class='ocr_par' dir='ltr' id='par_1_3' title="bbox 107 1658 1238 2599">
     <span class='ocr_line' id='line_1_12' title="bbox 151 1658 1238 1769; baseline 0 -25"><span class='ocrx_word' id='word_1_76' title='bbox 151 1675 220 1744; x_wconf 84' lang='lat' dir='ltr'><strong>Sed</strong></span> <span class='ocrx_word' id='word_1_77' title='bbox 235 1697 307 1742; x_wconf 92' lang='lat' dir='ltr'><strong>non</strong></span> <span class='ocrx_word' id='word_1_78' title='bbox 320 1695 440 1742; x_wconf 89' lang='lat' dir='ltr'><strong>omnes</strong></span> <span class='ocrx_word' id='word_1_79' title='bbox 456 1674 596 1741; x_wconf 87' lang='lat' dir='ltr'><strong>Castelli</strong></span> <span class='ocrx_word' id='word_1_80' title='bbox 609 1673 889 1741; x_wconf 91' lang='lat' dir='ltr'><strong>calvinianorum</strong></span> <span class='ocrx_word' id='word_1_81' title='bbox 907 1698 1046 1741; x_wconf 87' lang='lat' dir='ltr'><strong>causam</strong></span> <span class='ocrx_word' id='word_1_82' title='bbox 1066 1658 1238 1769; x_wconf 85' lang='lat' dir='ltr'><strong>complexi</strong></span> 
     </span>
     <span class='ocr_line' id='line_1_13' title="bbox 107 1781 1233 1871; baseline 0 -20"><span class='ocrx_word' id='word_1_83' title='bbox 107 1790 193 1851; x_wconf 89' lang='grc'><strong>6661</strong></span> <span class='ocrx_word' id='word_1_84' title='bbox 208 1781 311 1849; x_wconf 90' lang='lat' dir='ltr'><strong>etvel</strong></span> <span class='ocrx_word' id='word_1_85' title='bbox 326 1781 414 1849; x_wconf 88' lang='grc'><strong>16166</strong></span> <span class='ocrx_word' id='word_1_86' title='bbox 431 1803 502 1864; x_wconf 93' lang='grc'><strong>666,</strong></span> <span class='ocrx_word' id='word_1_87' title='bbox 521 1783 581 1871; x_wconf 92' lang='lat' dir='ltr'><strong>qui</strong></span> <span class='ocrx_word' id='word_1_88' title='bbox 598 1804 720 1849; x_wconf 89' lang='lat' dir='ltr'><strong>eorum</strong></span> <span class='ocrx_word' id='word_1_89' title='bbox 745 1781 1052 1871; x_wconf 74' lang='lat' dir='ltr'><strong>pradicationibus</strong></span> <span class='ocrx_word' id='word_1_90' title='bbox 1079 1784 1233 1867; x_wconf 84' lang='lat' dir='ltr'><strong>aderaut,</strong></span> 
     </span>
     <span class='ocr_line' id='line_1_14' title="bbox 109 1887 1236 1979; baseline 0.001 -22"><span class='ocrx_word' id='word_1_91' title='bbox 109 1890 213 1957; x_wconf 85' lang='lat' dir='ltr'><strong>multi</strong></span> <span class='ocrx_word' id='word_1_92' title='bbox 225 1910 297 1956; x_wconf 92' lang='lat' dir='ltr'><strong>non</strong></span> <span class='ocrx_word' id='word_1_93' title='bbox 314 1888 456 1956; x_wconf 76' lang='grc'><strong>61666666</strong></span> <span class='ocrx_word' id='word_1_94' title='bbox 478 1888 558 1956; x_wconf 87' lang='lat' dir='ltr'><strong>fidei</strong></span> <span class='ocrx_word' id='word_1_95' title='bbox 575 1894 683 1956; x_wconf 87' lang='lat' dir='ltr'><strong>erant.</strong></span> <span class='ocrx_word' id='word_1_96' title='bbox 710 1888 831 1979; x_wconf 92' lang='lat' dir='ltr'><strong>ltaque</strong></span> <span class='ocrx_word' id='word_1_97' title='bbox 856 1887 1043 1956; x_wconf 87' lang='lat' dir='ltr'><strong>calviniani</strong></span> <span class='ocrx_word' id='word_1_98' title='bbox 1068 1892 1236 1958; x_wconf 88' lang='lat' dir='ltr'><strong>vereban—</strong></span> 
     </span>
     <span class='ocr_line' id='line_1_15' title="bbox 111 1994 1235 2090; baseline 0.003 -26"><span class='ocrx_word' id='word_1_99' title='bbox 111 2003 228 2065; x_wconf 89' lang='lat' dir='ltr'><strong>turne</strong></span> <span class='ocrx_word' id='word_1_100' title='bbox 245 2019 306 2062; x_wconf 92' lang='grc'><strong>666</strong></span> <span class='ocrx_word' id='word_1_101' title='bbox 319 1994 465 2063; x_wconf 89' lang='lat' dir='ltr'><strong>victoria</strong></span> <span class='ocrx_word' id='word_1_102' title='bbox 478 2017 546 2062; x_wconf 92' lang='grc'><strong>666</strong></span> <span class='ocrx_word' id='word_1_103' title='bbox 564 1995 700 2062; x_wconf 86' lang='grc'><strong>61661116</strong></span> <span class='ocrx_word' id='word_1_104' title='bbox 714 2001 815 2062; x_wconf 89' lang='grc'><strong>66661.</strong></span> <span class='ocrx_word' id='word_1_105' title='bbox 843 1995 887 2063; x_wconf 90' lang='lat' dir='ltr'><strong>Ut</strong></span> <span class='ocrx_word' id='word_1_106' title='bbox 910 1996 952 2063; x_wconf 90' lang='lat' dir='ltr'><strong>ab</strong></span> <span class='ocrx_word' id='word_1_107' title='bbox 981 1999 1235 2090; x_wconf 86' lang='lat' dir='ltr'><strong>archiepiscopi</strong></span> 
     </span>
     <span class='ocr_line' id='line_1_16' title="bbox 112 2101 1235 2196; baseline 0.003 -25"><span class='ocrx_word' id='word_1_108' title='bbox 112 2103 288 2171; x_wconf 89' lang='lat' dir='ltr'><strong>militibus</strong></span> <span class='ocrx_word' id='word_1_109' title='bbox 315 2128 350 2172; x_wconf 91' lang='lat' dir='ltr'><strong>se</strong></span> <span class='ocrx_word' id='word_1_110' title='bbox 373 2101 608 2183; x_wconf 85' lang='lat' dir='ltr'><strong>defenderent,</strong></span> <span class='ocrx_word' id='word_1_111' title='bbox 635 2101 812 2169; x_wconf 87' lang='lat' dir='ltr'><strong>sexdecim</strong></span> <span class='ocrx_word' id='word_1_112' title='bbox 848 2103 914 2169; x_wconf 90' lang='lat' dir='ltr'><strong>viri</strong></span> <span class='ocrx_word' id='word_1_113' title='bbox 941 2104 1043 2171; x_wconf 89' lang='lat' dir='ltr'><strong>novis</strong></span> <span class='ocrx_word' id='word_1_114' title='bbox 1072 2107 1235 2196; x_wconf 90' lang='lat' dir='ltr'><strong>operibus</strong></span> 
     </span>
     <span class='ocr_line' id='line_1_17' title="bbox 113 2202 1232 2302; baseline 0 -23"><span class='ocrx_word' id='word_1_115' title='bbox 113 2210 234 2302; x_wconf 89' lang='lat' dir='ltr'><strong>oppidi</strong></span> <span class='ocrx_word' id='word_1_116' title='bbox 257 2210 371 2278; x_wconf 90' lang='lat' dir='ltr'><strong>aditus</strong></span> <span class='ocrx_word' id='word_1_117' title='bbox 385 2209 583 2276; x_wconf 87' lang='lat' dir='ltr'><strong>clauserunt</strong></span> <span class='ocrx_word' id='word_1_118' title='bbox 607 2215 651 2287; x_wconf 88' lang='lat' dir='ltr'><strong>et,</strong></span> <span class='ocrx_word' id='word_1_119' title='bbox 679 2231 722 2274; x_wconf 91' lang='lat' dir='ltr'><strong>ne</strong></span> <span class='ocrx_word' id='word_1_120' title='bbox 748 2231 768 2275; x_wconf 89' lang='lat' dir='ltr'><strong>a</strong></span> <span class='ocrx_word' id='word_1_121' title='bbox 794 2207 974 2276; x_wconf 89' lang='lat' dir='ltr'><strong>catholicis</strong></span> <span class='ocrx_word' id='word_1_122' title='bbox 990 2202 1232 2300; x_wconf 84' lang='lat' dir='ltr'><strong>proderentur,</strong></span> 
     </span>
     <span class='ocr_line' id='line_1_18' title="bbox 110 2314 1234 2409; baseline 0 -24"><span class='ocrx_word' id='word_1_123' title='bbox 110 2318 295 2385; x_wconf 90' lang='lat' dir='ltr'><strong>inusitatas</strong></span> <span class='ocrx_word' id='word_1_124' title='bbox 309 2315 449 2407; x_wconf 87' lang='lat' dir='ltr'><strong>vigilias</strong></span> <span class='ocrx_word' id='word_1_125' title='bbox 465 2317 522 2405; x_wconf 83' lang='lat' dir='ltr'><strong>agi</strong></span> <span class='ocrx_word' id='word_1_126' title='bbox 536 2316 726 2406; x_wconf 87' lang='lat' dir='ltr'><strong>jusserunt.</strong></span> <span class='ocrx_word' id='word_1_127' title='bbox 743 2314 810 2382; x_wconf 84' lang='lat' dir='ltr'><strong>Sed</strong></span> <span class='ocrx_word' id='word_1_128' title='bbox 824 2314 899 2384; x_wconf 83' lang='lat' dir='ltr'><strong>haec</strong></span> <span class='ocrx_word' id='word_1_129' title='bbox 917 2317 1036 2384; x_wconf 89' lang='lat' dir='ltr'><strong>omnia</strong></span> <span class='ocrx_word' id='word_1_130' title='bbox 1052 2317 1234 2409; x_wconf 78' lang='grc'><strong>61611666-</strong></span> 
     </span>
     <span class='ocr_line' id='line_1_19' title="bbox 107 2420 1235 2519; baseline 0.003 -27"><span class='ocrx_word' id='word_1_131' title='bbox 107 2426 373 2504; x_wconf 86' lang='grc'><strong>16666661,6666</strong></span> <span class='ocrx_word' id='word_1_132' title='bbox 387 2423 571 2514; x_wconf 84' lang='lat' dir='ltr'><strong>Margarita</strong></span> <span class='ocrx_word' id='word_1_133' title='bbox 586 2445 645 2489; x_wconf 91' lang='lat' dir='ltr'><strong>eos</strong></span> <span class='ocrx_word' id='word_1_134' title='bbox 669 2420 712 2488; x_wconf 89' lang='lat' dir='ltr'><strong>ad</strong></span> <span class='ocrx_word' id='word_1_135' title='bbox 736 2421 948 2519; x_wconf 83' lang='lat' dir='ltr'><strong>deditionem</strong></span> <span class='ocrx_word' id='word_1_136' title='bbox 969 2425 1005 2491; x_wconf 94' lang='lat' dir='ltr'><strong>vi</strong></span> <span class='ocrx_word' id='word_1_137' title='bbox 1028 2425 1235 2516; x_wconf 87' lang='lat' dir='ltr'><strong>compellere</strong></span> 
     </span>
     <span class='ocr_line' id='line_1_20' title="bbox 108 2532 243 2599; baseline -0.022 -1"><span class='ocrx_word' id='word_1_138' title='bbox 108 2532 243 2599; x_wconf 89' lang='lat' dir='ltr'><strong>statuit.</strong></span> 
     </span>
    </p>

    <p class='ocr_par' dir='ltr' id='par_1_4' title="bbox 108 2637 1232 3347">
     <span class='ocr_line' id='line_1_21' title="bbox 154 2637 1232 2733; baseline 0.005 -28"><span class='ocrx_word' id='word_1_139' title='bbox 154 2638 297 2706; x_wconf 86' lang='lat' dir='ltr'><strong>Etenim</strong></span> <span class='ocrx_word' id='word_1_140' title='bbox 312 2638 405 2705; x_wconf 73' lang='grc'><strong>1666</strong></span> <span class='ocrx_word' id='word_1_141' title='bbox 421 2638 477 2705; x_wconf 91' lang='grc'><strong>616</strong></span> <span class='ocrx_word' id='word_1_142' title='bbox 494 2640 536 2705; x_wconf 83' lang='grc'><strong>21</strong></span> <span class='ocrx_word' id='word_1_143' title='bbox 550 2638 683 2704; x_wconf 86' lang='lat' dir='ltr'><strong>mensis</strong></span> <span class='ocrx_word' id='word_1_144' title='bbox 699 2637 828 2715; x_wconf 88' lang='lat' dir='ltr'><strong>martii,</strong></span> <span class='ocrx_word' id='word_1_145' title='bbox 849 2637 1009 2704; x_wconf 88' lang='lat' dir='ltr'><strong>auditum</strong></span> <span class='ocrx_word' id='word_1_146' title='bbox 1028 2646 1078 2707; x_wconf 91' lang='lat' dir='ltr'><strong>est</strong></span> <span class='ocrx_word' id='word_1_147' title='bbox 1093 2646 1232 2733; x_wconf 87' lang='lat' dir='ltr'><strong>repente</strong></span> 
     </span>
     <span class='ocr_line' id='line_1_22' title="bbox 108 2743 1230 2833; baseline 0.003 -19"><span class='ocrx_word' id='word_1_148' title='bbox 108 2746 275 2814; x_wconf 87' lang='lat' dir='ltr'><strong>comitem</strong></span> <span class='ocrx_word' id='word_1_149' title='bbox 292 2744 536 2812; x_wconf 88' lang='lat' dir='ltr'><strong>Mansleldium</strong></span> <span class='ocrx_word' id='word_1_150' title='bbox 561 2767 642 2811; x_wconf 92' lang='lat' dir='ltr'><strong>cum</strong></span> <span class='ocrx_word' id='word_1_151' title='bbox 665 2743 825 2811; x_wconf 89' lang='lat' dir='ltr'><strong>ducentis</strong></span> <span class='ocrx_word' id='word_1_152' title='bbox 851 2745 1027 2833; x_wconf 88' lang='lat' dir='ltr'><strong>equitibus</strong></span> <span class='ocrx_word' id='word_1_153' title='bbox 1052 2748 1230 2829; x_wconf 88' lang='lat' dir='ltr'><strong>accedere;</strong></span> 
     </span>
     <span class='ocr_line' id='line_1_23' title="bbox 108 2850 1229 2946; baseline 0.001 -25"><span class='ocrx_word' id='word_1_154' title='bbox 108 2854 239 2921; x_wconf 84' lang='lat' dir='ltr'><strong>frustra</strong></span> <span class='ocrx_word' id='word_1_155' title='bbox 253 2850 441 2919; x_wconf 87' lang='lat' dir='ltr'><strong>calviniani</strong></span> <span class='ocrx_word' id='word_1_156' title='bbox 454 2852 554 2919; x_wconf 87' lang='lat' dir='ltr'><strong>multi</strong></span> <span class='ocrx_word' id='word_1_157' title='bbox 565 2853 684 2942; x_wconf 85' lang='lat' dir='ltr'><strong>lugere</strong></span> <span class='ocrx_word' id='word_1_158' title='bbox 698 2857 891 2933; x_wconf 87' lang='lat' dir='ltr'><strong>tentarunt;</strong></span> <span class='ocrx_word' id='word_1_159' title='bbox 903 2852 939 2917; x_wconf 90' lang='grc'><strong>16</strong></span> <span class='ocrx_word' id='word_1_160' title='bbox 953 2853 1076 2921; x_wconf 85' lang='lat' dir='ltr'><strong>urbem</strong></span> <span class='ocrx_word' id='word_1_161' title='bbox 1086 2856 1229 2946; x_wconf 88' lang='lat' dir='ltr'><strong>repulsi,</strong></span> 
     </span>
     <span class='ocr_line' id='line_1_24' title="bbox 109 2957 1231 3052; baseline 0.004 -27"><span class='ocrx_word' id='word_1_162' title='bbox 109 2960 222 3052; x_wconf 86' lang='lat' dir='ltr'><strong>portis</strong></span> <span class='ocrx_word' id='word_1_163' title='bbox 237 2958 378 3041; x_wconf 85' lang='lat' dir='ltr'><strong>clausis,</strong></span> <span class='ocrx_word' id='word_1_164' title='bbox 398 2960 529 3026; x_wconf 83' lang='lat' dir='ltr'><strong>moenia</strong></span> <span class='ocrx_word' id='word_1_165' title='bbox 545 2957 729 3027; x_wconf 82' lang='lat' dir='ltr'><strong>defendere</strong></span> <span class='ocrx_word' id='word_1_166' title='bbox 744 2965 881 3048; x_wconf 88' lang='lat' dir='ltr'><strong>parant;</strong></span> <span class='ocrx_word' id='word_1_167' title='bbox 909 2963 964 3025; x_wconf 90' lang='lat' dir='ltr'><strong>sed</strong></span> <span class='ocrx_word' id='word_1_168' title='bbox 991 2981 1070 3027; x_wconf 87' lang='lat' dir='ltr'><strong>cum</strong></span> <span class='ocrx_word' id='word_1_169' title='bbox 1097 2963 1231 3030; x_wconf 88' lang='lat' dir='ltr'><strong>fecialis</strong></span> 
     </span>
     <span class='ocr_line' id='line_1_25' title="bbox 110 3064 1232 3157; baseline 0.002 -22"><span class='ocrx_word' id='word_1_170' title='bbox 110 3064 304 3157; x_wconf 90' lang='lat' dir='ltr'><strong>oppidanos</strong></span> <span class='ocrx_word' id='word_1_171' title='bbox 318 3064 530 3134; x_wconf 86' lang='lat' dir='ltr'><strong>deditionem</strong></span> <span class='ocrx_word' id='word_1_172' title='bbox 548 3066 658 3133; x_wconf 83' lang='lat' dir='ltr'><strong>facere</strong></span> <span class='ocrx_word' id='word_1_173' title='bbox 674 3064 793 3154; x_wconf 86' lang='lat' dir='ltr'><strong>jussit,</strong></span> <span class='ocrx_word' id='word_1_174' title='bbox 816 3065 946 3142; x_wconf 90' lang='lat' dir='ltr'><strong>statim,</strong></span> <span class='ocrx_word' id='word_1_175' title='bbox 966 3065 1123 3135; x_wconf 88' lang='lat' dir='ltr'><strong>obstante</strong></span> <span class='ocrx_word' id='word_1_176' title='bbox 1140 3071 1232 3137; x_wconf 85' lang='lat' dir='ltr'><strong>frus-</strong></span> 
     </span>
     <span class='ocr_line' id='line_1_26' title="bbox 108 3171 1231 3263; baseline 0.004 -22"><span class='ocrx_word' id='word_1_177' title='bbox 108 3179 163 3241; x_wconf 84' lang='lat' dir='ltr'><strong>tra</strong></span> <span class='ocrx_word' id='word_1_178' title='bbox 180 3171 357 3263; x_wconf 88' lang='lat' dir='ltr'><strong>Philippo,</strong></span> <span class='ocrx_word' id='word_1_179' title='bbox 377 3180 560 3241; x_wconf 87' lang='lat' dir='ltr'><strong>evaserunt</strong></span> <span class='ocrx_word' id='word_1_180' title='bbox 575 3178 608 3240; x_wconf 90' lang='lat' dir='ltr'><strong>et</strong></span> <span class='ocrx_word' id='word_1_181' title='bbox 624 3171 719 3240; x_wconf 89' lang='lat' dir='ltr'><strong>domi</strong></span> <span class='ocrx_word' id='word_1_182' title='bbox 737 3172 849 3239; x_wconf 89' lang='lat' dir='ltr'><strong>autin</strong></span> <span class='ocrx_word' id='word_1_183' title='bbox 864 3172 898 3240; x_wconf 91' lang='lat' dir='ltr'><strong>S.</strong></span> <span class='ocrx_word' id='word_1_184' title='bbox 921 3172 1062 3240; x_wconf 82' lang='lat' dir='ltr'><strong>Martini</strong></span> <span class='ocrx_word' id='word_1_185' title='bbox 1083 3175 1231 3246; x_wconf 88' lang='lat' dir='ltr'><strong>ecclesia</strong></span> 
     </span>
     <span class='ocr_line' id='line_1_27' title="bbox 109 3278 382 3347; baseline 0 0"><span class='ocrx_word' id='word_1_186' title='bbox 109 3302 145 3347; x_wconf 89' lang='grc'><strong>66</strong></span> <span class='ocrx_word' id='word_1_187' title='bbox 160 3278 382 3347; x_wconf 88' lang='grc'><strong>6661666661.</strong></span> 
     </span>
    </p>

    <p class='ocr_par' dir='ltr' id='par_1_5' title="bbox 109 3385 1230 4017">
     <span class='ocr_line' id='line_1_28' title="bbox 153 3385 1229 3481; baseline 0.006 -28"><span class='ocrx_word' id='word_1_188' title='bbox 153 3386 298 3454; x_wconf 84' lang='lat' dir='ltr'><strong>Postero</strong></span> <span class='ocrx_word' id='word_1_189' title='bbox 313 3386 381 3469; x_wconf 86' lang='lat' dir='ltr'><strong>dic,</strong></span> <span class='ocrx_word' id='word_1_190' title='bbox 404 3387 614 3476; x_wconf 65' lang='lat' dir='ltr'><strong>quaestiones</strong></span> <span class='ocrx_word' id='word_1_191' title='bbox 637 3408 748 3476; x_wconf 89' lang='lat' dir='ltr'><strong>usque</strong></span> <span class='ocrx_word' id='word_1_192' title='bbox 779 3385 822 3452; x_wconf 89' lang='lat' dir='ltr'><strong>ad</strong></span> <span class='ocrx_word' id='word_1_193' title='bbox 844 3408 1000 3454; x_wconf 86' lang='lat' dir='ltr'><strong>mensem</strong></span> <span class='ocrx_word' id='word_1_194' title='bbox 1028 3396 1229 3481; x_wconf 89' lang='lat' dir='ltr'><strong>sequentem</strong></span> 
     </span>
     <span class='ocr_line' id='line_1_29' title="bbox 109 3493 1229 3583; baseline 0.006 -23"><span class='ocrx_word' id='word_1_195' title='bbox 109 3493 366 3583; x_wconf 82' lang='lat' dir='ltr'><strong>habericoeptae</strong></span> <span class='ocrx_word' id='word_1_196' title='bbox 383 3499 465 3560; x_wconf 91' lang='lat' dir='ltr'><strong>sunt</strong></span> <span class='ocrx_word' id='word_1_197' title='bbox 485 3515 523 3559; x_wconf 89' lang='grc'><strong>66</strong></span> <span class='ocrx_word' id='word_1_198' title='bbox 539 3514 656 3560; x_wconf 84' lang='lat' dir='ltr'><strong>severa</strong></span> <span class='ocrx_word' id='word_1_199' title='bbox 680 3493 822 3560; x_wconf 85' lang='lat' dir='ltr'><strong>luerunt</strong></span> <span class='ocrx_word' id='word_1_200' title='bbox 847 3493 992 3583; x_wconf 85' lang='lat' dir='ltr'><strong>judicia,</strong></span> <span class='ocrx_word' id='word_1_201' title='bbox 1024 3519 1105 3563; x_wconf 89' lang='lat' dir='ltr'><strong>nam</strong></span> <span class='ocrx_word' id='word_1_202' title='bbox 1130 3502 1164 3565; x_wconf 92' lang='grc'><strong>61</strong></span> <span class='ocrx_word' id='word_1_203' title='bbox 1192 3500 1229 3567; x_wconf 87' lang='grc'><strong>16</strong></span> 
     </span>
     <span class='ocr_line' id='line_1_30' title="bbox 109 3599 1229 3690; baseline 0.005 -23"><span class='ocrx_word' id='word_1_204' title='bbox 109 3599 341 3668; x_wconf 59' lang='lat' dir='ltr'><strong>haereticusve</strong></span> <span class='ocrx_word' id='word_1_205' title='bbox 354 3600 390 3668; x_wconf 91' lang='grc'><strong>16</strong></span> <span class='ocrx_word' id='word_1_206' title='bbox 405 3600 593 3682; x_wconf 87' lang='lat' dir='ltr'><strong>civitatem,</strong></span> <span class='ocrx_word' id='word_1_207' title='bbox 607 3622 683 3688; x_wconf 86' lang='lat' dir='ltr'><strong>quae</strong></span> <span class='ocrx_word' id='word_1_208' title='bbox 696 3599 845 3690; x_wconf 85' lang='lat' dir='ltr'><strong>amplius</strong></span> <span class='ocrx_word' id='word_1_209' title='bbox 860 3622 920 3667; x_wconf 88' lang='lat' dir='ltr'><strong>sex</strong></span> <span class='ocrx_word' id='word_1_210' title='bbox 933 3623 1068 3669; x_wconf 84' lang='lat' dir='ltr'><strong>menses</strong></span> <span class='ocrx_word' id='word_1_211' title='bbox 1085 3603 1229 3673; x_wconf 90' lang='lat' dir='ltr'><strong>rebella-</strong></span> 
     </span>
     <span class='ocr_line' id='line_1_31' title="bbox 109 3705 1227 3800; baseline 0.006 -27"><span class='ocrx_word' id='word_1_212' title='bbox 109 3713 218 3786; x_wconf 84' lang='lat' dir='ltr'><strong>verat,</strong></span> <span class='ocrx_word' id='word_1_213' title='bbox 234 3706 514 3775; x_wconf 87' lang='lat' dir='ltr'><strong>animadversum</strong></span> <span class='ocrx_word' id='word_1_214' title='bbox 530 3712 591 3774; x_wconf 89' lang='lat' dir='ltr'><strong>est.</strong></span> <span class='ocrx_word' id='word_1_215' title='bbox 609 3705 796 3772; x_wconf 88' lang='lat' dir='ltr'><strong>Nonnullis</strong></span> <span class='ocrx_word' id='word_1_216' title='bbox 811 3706 1069 3776; x_wconf 86' lang='lat' dir='ltr'><strong>Maximilianus</strong></span> <span class='ocrx_word' id='word_1_217' title='bbox 1081 3710 1227 3800; x_wconf 85' lang='lat' dir='ltr'><strong>ignovit,</strong></span> 
     </span>
     <span class='ocr_line' id='line_1_32' title="bbox 111 3813 1225 3905; baseline 0.005 -24"><span class='ocrx_word' id='word_1_218' title='bbox 111 3813 267 3905; x_wconf 86' lang='lat' dir='ltr'><strong>pluribus</strong></span> <span class='ocrx_word' id='word_1_219' title='bbox 280 3815 418 3882; x_wconf 86' lang='lat' dir='ltr'><strong>veniam</strong></span> <span class='ocrx_word' id='word_1_220' title='bbox 443 3813 636 3903; x_wconf 90' lang='lat' dir='ltr'><strong>denegavit.</strong></span> <span class='ocrx_word' id='word_1_221' title='bbox 662 3813 781 3903; x_wconf 84' lang='lat' dir='ltr'><strong>Capite</strong></span> <span class='ocrx_word' id='word_1_222' title='bbox 802 3813 944 3903; x_wconf 87' lang='lat' dir='ltr'><strong>triginta</strong></span> <span class='ocrx_word' id='word_1_223' title='bbox 967 3814 1225 3900; x_wconf 90' lang='lat' dir='ltr'><strong>damnatisunt,</strong></span> 
     </span>
     <span class='ocr_line' id='line_1_33' title="bbox 109 3916 1230 4017; baseline 0.004 -28"><span class='ocrx_word' id='word_1_224' title='bbox 109 3944 258 4011; x_wconf 87' lang='lat' dir='ltr'><strong>quorum</strong></span> <span class='ocrx_word' id='word_1_225' title='bbox 273 3920 514 4012; x_wconf 89' lang='lat' dir='ltr'><strong>duodeviginti</strong></span> <span class='ocrx_word' id='word_1_226' title='bbox 531 3941 650 4010; x_wconf 78' lang='lat' dir='ltr'><strong>pronas</strong></span> <span class='ocrx_word' id='word_1_227' title='bbox 663 3916 912 4011; x_wconf 82' lang='lat' dir='ltr'><strong>expenderunt,</strong></span> <span class='ocrx_word' id='word_1_228' title='bbox 922 3927 954 3988; x_wconf 93' lang='lat' dir='ltr'><strong>et</strong></span> <span class='ocrx_word' id='word_1_229' title='bbox 967 3923 1116 4017; x_wconf 80' lang='lat' dir='ltr'><strong>amplius</strong></span> <span class='ocrx_word' id='word_1_230' title='bbox 1130 3927 1230 4014; x_wconf 92' lang='lat' dir='ltr'><strong>quin-</strong></span> 
     </span>
    </p>
   </div>
   <div class='ocr_carea' id='block_1_3' title="bbox 108 4126 1229 4424">
    <p class='ocr_par' dir='ltr' id='par_1_6' title="bbox 108 4126 1229 4424">
     <span class='ocr_line' id='line_1_34' title="bbox 139 4126 1229 4197; baseline 0 -13"><span class='ocrx_word' id='word_1_231' title='bbox 139 4133 162 4184; x_wconf 87' lang='grc'><strong>1.</strong></span> <span class='ocrx_word' id='word_1_232' title='bbox 182 4131 334 4191; x_wconf 73' lang='grc'><strong>1166666666,</strong></span> <span class='ocrx_word' id='word_1_233' title='bbox 359 4132 393 4180; x_wconf 88' lang='grc'><strong>16</strong></span> <span class='ocrx_word' id='word_1_234' title='bbox 408 4131 530 4195; x_wconf 65' lang='lat' dir='ltr'><strong>Refertae</strong></span> <span class='ocrx_word' id='word_1_235' title='bbox 544 4128 645 4178; x_wconf 76' lang='lat' dir='ltr'><strong>donate</strong></span> <span class='ocrx_word' id='word_1_236' title='bbox 663 4126 811 4178; x_wconf 73' lang='lat' dir='ltr'><strong>Camtrtaia</strong></span> <span class='ocrx_word' id='word_1_237' title='bbox 830 4143 867 4180; x_wconf 84' lang='lat' dir='ltr'><strong>au</strong></span> <span class='ocrx_word' id='word_1_238' title='bbox 884 4139 939 4181; x_wconf 80' lang='lat' dir='ltr'><strong>xvi·</strong></span> <span class='ocrx_word' id='word_1_239' title='bbox 958 4131 1044 4193; x_wconf 73' lang='lat' dir='ltr'><strong>siecle,</strong></span> <span class='ocrx_word' id='word_1_240' title='bbox 1063 4148 1089 4197; x_wconf 85' lang='lat' dir='ltr'><strong>p.</strong></span> <span class='ocrx_word' id='word_1_241' title='bbox 1107 4133 1188 4183; x_wconf 83' lang='grc'><strong>31-35</strong></span> <span class='ocrx_word' id='word_1_242' title='bbox 1202 4136 1229 4184; x_wconf 85' lang='grc'><strong>61</strong></span> 
     </span>
     <span class='ocr_line' id='line_1_35' title="bbox 108 4208 1227 4274; baseline 0 -13"><span class='ocrx_word' id='word_1_243' title='bbox 108 4211 191 4262; x_wconf 67' lang='grc'><strong>1346.</strong></span> <span class='ocrx_word' id='word_1_244' title='bbox 205 4238 234 4249; x_wconf 93' lang='grc'>-</span> <span class='ocrx_word' id='word_1_245' title='bbox 250 4213 339 4272; x_wconf 76' lang='lat' dir='ltr'><strong>Fruar,</strong></span> <span class='ocrx_word' id='word_1_246' title='bbox 355 4210 653 4262; x_wconf 81' lang='lat' dir='ltr'><strong>Inventaircsommaire</strong></span> <span class='ocrx_word' id='word_1_247' title='bbox 668 4208 714 4258; x_wconf 82' lang='lat' dir='ltr'><strong>des</strong></span> <span class='ocrx_word' id='word_1_248' title='bbox 730 4208 857 4259; x_wconf 79' lang='lat' dir='ltr'><strong>Arcbivea</strong></span> <span class='ocrx_word' id='word_1_249' title='bbox 869 4211 1042 4273; x_wconf 78' lang='lat' dir='ltr'><strong>municipales</strong></span> <span class='ocrx_word' id='word_1_250' title='bbox 1056 4211 1093 4262; x_wconf 85' lang='lat' dir='ltr'><strong>du</strong></span> <span class='ocrx_word' id='word_1_251' title='bbox 1118 4213 1227 4274; x_wconf 74' lang='lat' dir='ltr'><strong>Catenae,</strong></span> 
     </span>
     <span class='ocr_line' id='line_1_36' title="bbox 110 4287 1228 4357; baseline 0.001 -15"><span class='ocrx_word' id='word_1_252' title='bbox 110 4292 218 4352; x_wconf 73' lang='lat' dir='ltr'><strong>lotrad..</strong></span> <span class='ocrx_word' id='word_1_253' title='bbox 232 4290 330 4342; x_wconf 77' lang='lat' dir='ltr'>XXVI.</span> <span class='ocrx_word' id='word_1_254' title='bbox 346 4318 373 4331; x_wconf 95' lang='lat'>-</span> <span class='ocrx_word' id='word_1_255' title='bbox 389 4291 579 4351; x_wconf 71' lang='lat' dir='ltr'><strong>Bassianum,</strong></span> <span class='ocrx_word' id='word_1_256' title='bbox 591 4287 707 4339; x_wconf 81' lang='lat' dir='ltr'><strong>Buttctin</strong></span> <span class='ocrx_word' id='word_1_257' title='bbox 719 4288 889 4354; x_wconf 67' lang='lat' dir='ltr'><strong>scientificae</strong></span> <span class='ocrx_word' id='word_1_258' title='bbox 898 4293 924 4340; x_wconf 82' lang='lat' dir='ltr'><strong>ct</strong></span> <span class='ocrx_word' id='word_1_259' title='bbox 939 4289 1087 4357; x_wconf 65' lang='lat' dir='ltr'><strong>tristemque</strong></span> <span class='ocrx_word' id='word_1_260' title='bbox 1097 4292 1133 4342; x_wconf 83' lang='lat' dir='ltr'><strong>du</strong></span> <span class='ocrx_word' id='word_1_261' title='bbox 1146 4292 1228 4354; x_wconf 73' lang='grc'><strong>61666,</strong></span> 
     </span>
     <span class='ocr_line' id='line_1_37' title="bbox 111 4371 181 4424; baseline -0.014 0"><span class='ocrx_word' id='word_1_262' title='bbox 111 4371 181 4424; x_wconf 76' lang='grc'><strong>1811.</strong></span> 
     </span>
    </p>
   </div>
   <div class='ocr_carea' id='block_1_4' title="bbox 1069 4473 1085 4525">
    <p class='ocr_par' dir='ltr' id='par_1_7' title="bbox 1069 4473 1085 4525">
     <span class='ocr_line' id='line_1_38' title="bbox 1069 4473 1085 4525; baseline 0 0"><span class='ocrx_word' id='word_1_263' title='bbox 1069 4473 1085 4525; x_wconf 86' lang='grc'>7</span> 
     </span>
    </p>
   </div>
   <div class='ocr_carea' id='block_1_5' title="bbox 0 0 1488 5076">
    <p class='ocr_par' dir='ltr' id='par_1_8' title="bbox 0 0 1488 5076">
     <span class='ocr_line' id='line_1_39' title="bbox 0 0 1488 5076; baseline 0 0"><span class='ocrx_word' id='word_1_264' title='bbox 0 0 1488 5076; x_wconf 95' lang='lat' dir='ltr'><strong> </strong></span> 
     </span>
    </p>
   </div>
  </div>
 </body>
</html>
