2968 5072
295 427 354 489 118
693 445 733 492 ca
754 446 844 493 vauri
866 447 1016 496 carresis

291 585 533 655 ministrorum
546 586 612 657 fide
624 589 764 659 mansit.
780 589 869 659 Cum
884 588 1035 684 Orangio
1048 600 1291 679 conversatus,
1302 596 1407 667 rebel-

291 691 376 762 lanti
393 692 507 764 eidem
519 692 721 764 adversatur
735 702 768 765 et
783 721 888 789 supra
904 698 1058 768 vidimus
1075 723 1154 792 quae
1172 703 1405 793 gubernatrici

289 802 492 894 Albanoque
516 800 559 871 de
585 802 693 872 Gallis
721 804 910 896 hugonotis
939 829 1020 875 cum
1054 809 1206 899 Orangio
1233 810 1404 880 foedaratis

287 909 585 979 indiciamitteret.
603 911 682 978 Non
695 915 812 980 autem
828 914 960 1005 eosqui
975 937 1047 983 non
1063 915 1149 1006 Regi
1165 917 1303 987 bellum
1313 918 1404 987 intu-

285 1017 403 1088 lerunt
426 1016 564 1087 deserit.
594 1017 665 1086 Sub
692 1018 831 1087 initium
858 1019 940 1087 anni
972 1023 1070 1105 1567,
1102 1045 1185 1091 cum
1219 1024 1399 1117 Orongim,

282 1127 467 1196 etiamtum
481 1126 645 1209 incertus,
668 1125 920 1196 Brederodium
940 1133 974 1196 et
995 1129 1297 1200 Hochstratanum
1322 1155 1402 1202 mox

280 1241 464 1304 secuturus
479 1232 667 1316 videretur,
684 1237 718 1301 et
731 1232 957 1325 Egmontium
977 1235 1172 1328 impelleret
1193 1245 1234 1307 ut
1257 1263 1342 1308 cnm
1363 1240 1400 1308 iis

278 1348 399 1411 contra
414 1341 545 1431 Regem
560 1340 835 1431 conjungeretur
845 1341 875 1408 si
888 1341 948 1411 ille
970 1342 1006 1409 in
1026 1343 1189 1436 Belgium
1210 1369 1296 1414 cum
1315 1346 1403 1415 mili·

275 1448 368 1520 tibus
401 1445 777 1537 veniret¹,Egmontius
791 1448 824 1516 ei
838 1449 1016 1541 respondit
1034 1473 1082 1531 se,
1108 1452 1138 1519 si
1162 1461 1254 1522 esset
1279 1478 1343 1522 cur
1366 1454 1402 1523 de

275 1580 357 1649 rege
374 1562 591 1648 quereretur,
615 1577 636 1622 a
662 1553 784 1644 Belgio
815 1575 1047 1639 recessurum,
1073 1580 1257 1651 nunquam
1290 1565 1400 1630 eutem

275 1663 409 1734 bellum
425 1662 514 1753 Regi
527 1660 723 1744 illaturum,
746 1667 779 1729 et
801 1684 860 1730 ees
881 1662 941 1754 qui
964 1664 1099 1733 nonita
1120 1673 1268 1757 egerent
1280 1667 1393 1736 hostes

273 1771 499 1846 habiturum
517 1773 550 1838 et
567 1767 725 1837 hortatus
749 1775 799 1837 est
820 1774 859 1837 ut
878 1769 1145 1862 diligentissime
1164 1774 1304 1844 nobiles
1322 1800 1394 1868 per·

272 1879 462 1973 penderent
474 1874 557 1968 quid
571 1875 639 1944 sibi
654 1874 830 1967 agendum
845 1882 947 1958 esset,
965 1901 1047 1946 cum
1062 1902 1117 1948 res
1132 1903 1205 1949 non
1226 1882 1333 1951 modo
1355 1883 1394 1951 ad

273 1988 417 2079 Regem,
431 1984 491 2053 sed
508 1982 594 2052 etad
608 2006 731 2052 eorum
743 1983 874 2053 famam
887 1984 1081 2076 spectaret'.
1099 1986 1211 2057 Alava
1224 1989 1324 2081 Regi,
1343 1990 1394 2059 die

273 2098 316 2164 20
332 2093 465 2163 mensis
483 2089 651 2160 februarii
668 2092 766 2174 1567,
784 2090 922 2183 scripsit
944 2093 1170 2184 Egmontium
1186 2095 1223 2162 in
1235 2097 1315 2188 ejus
1331 2096 1394 2165 fide

272 2203 417 2271 omnino
432 2195 544 2268 stare'.
562 2196 824 2268 Maximilianus
841 2221 922 2291 ergo
940 2221 1076 2292 semper
1096 2224 1179 2270 oum
1199 2203 1390 2294 Rgmontio

272 2312 496 2402 conversatus
509 2312 560 2375 est
575 2325 583 2373 τ
601 2305 657 2374 die
678 2307 719 2374 20
740 2306 870 2374 mensis
888 2306 1041 2397 januarii
1058 2311 1157 2390 1567,
1181 2308 1287 2378 idest
1311 2334 1388 2380 cum

272 2417 445 2507 Orangiua
483 2415 610 2482 iterum
649 2412 876 2503 Rgmontium
914 2413 1126 2497 sollicitaret,
1171 2416 1390 2487 Morillonius

274 2521 505 2594 Granvelleno
535 2519 712 2590 nuntiavit
733 2519 961 2612 Egmontium
989 2522 1169 2591 Atrebates
1195 2526 1390 2615 profectum

273 2653 358 2711 esse,
374 2651 444 2722 quo
461 2627 719 2696 Cameracensis
734 2650 816 2696 eum
831 2627 992 2697 aditurus
1005 2629 1118 2698 esset.
1137 2629 1229 2699 Cum
1241 2632 1393 2725 Rgmon·

272 2739 342 2807 tius
357 2734 569 2828 supplicium
591 2734 761 2819 solvisset,
787 2735 1001 2805 desiderium
1033 2736 1299 2808 Maximilianns
1324 2763 1391 2809 non

272 2846 363 2917 clam
391 2842 483 2911 tulit.
511 2843 632 2912 Doluit
655 2849 688 2911 et
718 2846 809 2934 quod
833 2843 1021 2933 Egmontio
1049 2845 1214 2914 utebatur
1243 2853 1280 2916 et
1306 2848 1393 2939 quod

270 2954 389 3024 verius
403 2956 549 3020 noverat
564 2973 670 3044 quam
683 2952 743 3040 qui
761 2950 913 3019 maxime
933 2973 1015 3019 eum
1039 2950 1081 3020 ab
1106 2951 1258 3023 ecclesia
1278 2955 1392 3023 catho-

271 3063 350 3138 lica,
372 3082 445 3128 non
473 3082 493 3128 a
519 3058 612 3150 Rege
638 3057 832 3127 secessisse.
862 3057 1001 3126 Etenim
1029 3058 1240 3149 Rgmontius
1267 3085 1392 3154 magna

273 3191 408 3261 semper
423 3188 505 3236 cum
517 3166 676 3234 libertate
692 3164 776 3257 quid
794 3163 836 3233 de
862 3163 1010 3257 publicis
1036 3165 1141 3234 rehus
1167 3171 1202 3236 et
1215 3168 1392 3260 'religione

273 3278 416 3348 sentiret
452 3273 545 3367 apud
590 3272 870 3342 Maximilianum
909 3272 1157 3358 edisseruerat;
1204 3275 1266 3344 sed
1307 3275 1393 3345 nihil

273 3406 429 3476 unquam
454 3381 736 3473 archiepiscopus
762 3380 964 3472 vulgaverat
984 3387 1017 3450 et
1042 3386 1179 3450 tantum
1207 3384 1391 3477 episcopus
1471 3382 1472 3389 '

275 3490 599 3571 Chalcedoniorum,
635 3487 867 3556 Maximilieni
902 3489 1154 3580 suffraganeus,
1195 3490 1392 3560 Morillonio

275 3598 410 3669 rettulit
447 3597 532 3692 quid
559 3617 676 3666 coram
705 3594 962 3687 archiepiscopo
992 3596 1202 3687 Rgmontius
1238 3597 1391 3668 dixisset.

275 3707 400 3777 Statim
441 3704 476 3773 id
508 3705 556 3771 ita
583 3700 813 3772 Grenvellano
844 3701 1063 3772 Mocillonius
1098 3703 1263 3773 tradidit:
1303 3705 1393 3774 Olim

274 3813 502 3906 Rgmontinm
526 3834 547 3881 e
574 3808 811 3879 Maximiliano
834 3810 1012 3901 quaesiisse
1032 3810 1154 3903 quidni
1184 3811 1243 3880 hic
1272 3812 1393 3883 haberi

273 3921 606 4014 possetAugustana
621 3917 805 3987 confessio.
826 3917 915 3987 Cum
931 3917 967 3986 id
993 3938 1122 4010 magno
1145 3925 1179 3986 et
1202 3921 1392 4010 provincia

304 4083 328 4135 1.
345 4081 439 4133 Gaetu
454 4091 507 4131 vau
525 4081 700 4140 Porsennam,
718 4078 766 4144 Op.
779 4078 858 4132 citt.
872 4078 905 4142 11,
920 4092 948 4145 p.
961 4077 1018 4131 168.

303 4178 328 4231 2.
347 4178 469 4243 Gocresp.
489 4177 521 4228 de
536 4176 658 4240 Philippa
670 4177 703 4236 11,
718 4180 736 4226 t.
753 4177 772 4238 l,
788 4191 816 4240 p.
834 4175 891 4227 510.

301 4279 326 4328 3.
343 4276 471 4331 Aretissa
484 4272 648 4336 dictionales,
663 4275 692 4333 11,
709 4274 778 4325 1507.

299 4377 324 4427 4.
342 4374 465 4440 Gorrecp.
484 4374 517 4426 de
531 4369 680 4433 Greucellc,
695 4371 727 4433 ll,
743 4385 768 4435 p.
788 4373 844 4424 230.
