2968 5072
397 508 436 552 aa
456 508 653 554 mmmmm
675 509 850 554 annuarum:
872 511 1006 557 suasoan
1202 503 1259 562 133

138 647 236 718 lonio
270 655 426 730 auctore,
466 651 736 721 Granvellanum
765 654 886 722 Romae
912 678 984 724 non
1009 678 1149 749 operam
1191 661 1257 728 sibi

138 762 293 826 navare¹.
1289 768 1291 779 '

182 863 262 934 Non
276 869 410 957 poterat
426 866 588 956 ignorare
607 867 839 948 Morillonias,
867 868 911 937 ob
932 868 1065 939 litteras
1079 871 1122 938 ad
1153 872 1259 941 Gran-

136 970 315 1042 vellenum
330 974 486 1066 scriptas,
502 974 734 1044 Maximiliaui
754 974 976 1044 inimicitiam
998 1000 1034 1046 se
1050 979 1254 1071 suscepisse.

138 1078 223 1149 Cum
237 1102 291 1149 res
307 1104 327 1151 a
343 1080 584 1151 Maximiliano
606 1087 762 1174 acceptas
790 1083 1021 1154 Grenvellano
1045 1085 1160 1169 tradit,
1185 1086 1278 1188 ple-⁵

136 1208 286 1280 rumque
301 1210 372 1256 non
387 1194 496 1256 certas
512 1189 607 1258 dicit.
629 1188 766 1269 Quanto
783 1212 863 1258 cum
881 1190 1006 1282 gaudio
1030 1192 1127 1261 audit
1146 1194 1256 1262 cardi-

136 1294 254 1363 nalem
291 1293 530 1365 Cameracensi
559 1296 663 1365 fidem
691 1318 762 1364 non
789 1296 985 1365 habuisse¹l
1020 1298 1255 1370 Maximiliani

135 1402 223 1469 vitia
248 1407 362 1494 auget,
389 1408 423 1471 et
446 1403 574 1495 lingua³
591 1404 896 1495 intemperantiam
911 1404 996 1494 (non
1024 1411 1142 1474 tamen
1173 1431 1254 1477 cum

135 1507 238 1599 plura
251 1508 292 1578 de
304 1509 482 1578 nobilibus
503 1510 623 1579 audire
645 1510 720 1578 vult
743 1534 849 1602 quem
871 1511 1132 1583 Maximilianus
1156 1513 1252 1606 dicit)

133 1615 190 1683 vel
217 1617 363 1685 nimiam
382 1640 460 1709 erga
487 1617 670 1686 haereticos
696 1626 757 1685 aut
783 1617 965 1687 seditiosos
988 1618 1250 1711 benignitatem.

133 1723 178 1792 Et
202 1744 337 1814 semper
376 1723 645 1793 Granvellanum
680 1724 842 1793 hortatur
867 1747 911 1793 ne
939 1724 992 1792 illi
1018 1748 1054 1794 se
1082 1729 1253 1797 attentum

132 1829 308 1921 praebeat,
324 1830 384 1923 qui
395 1830 481 1899 velit
495 1831 561 1922 ipsi
576 1831 766 1899 inservient
781 1830 853 1914 alii,
870 1830 944 1922 ipse
959 1836 1075 1902 autem
1090 1834 1248 1903 nemini⁴.

177 1936 245 2006 Per
258 1935 336 2004 illas
349 1938 447 2030 quasi
463 1937 655 2006 cotidianas
669 1937 859 2007 delationes
872 1960 944 2007 non
963 1940 1077 2031 potuit
1099 1940 1251 2010 Morillo·

132 2043 211 2111 nius
226 2044 275 2112 ita
289 2043 567 2113 Maximilianum
591 2067 611 2112 a
627 2043 845 2114 Grauvelleni
862 2046 1018 2113 amicitia
1034 2046 1247 2138 disjungere,

131 2156 171 2218 ut
184 2150 441 2239 Cameracensis
456 2153 563 2233 lieret,
581 2156 747 2243 tanquam
763 2150 912 2234 aiebant,
927 2152 1045 2221 minus
1061 2153 1250 2222 cardinali-

131 2257 268 2326 tiusvel
287 2258 460 2326 minorem
479 2258 570 2349 apud
595 2257 878 2327 Cameracensem
892 2258 1152 2349 ¹Granvellanus
1175 2261 1249 2352 jam
1306 2326 1311 2335 .

129 2365 371 2434 auctoritatem
385 2364 542 2434 haberet.

174 2471 288 2564 Supra
302 2472 456 2541 vidimus
472 2471 586 2564 quam]
599 2471 752 2540 officiose
778 2470 1055 2542 Maximiliannm
1078 2473 1249 2543 Grenvel-

127 2578 230 2648 lanus
259 2577 433 2672 adjuverit
458 2585 497 2646 ut
522 2579 707 2671 episcopus
732 2577 993 2648 Cameracensis
1021 2578 1244 2671 deligeretur.
1290 2576 1294 2583 ’

129 2684 350 2755 Granvellani
363 2686 549 2753 amicitiam
563 2707 634 2754 non
652 2686 810 2755 amittere
824 2685 1055 2755 Maximiliani
1068 2686 1244 2756 intererat.

128 2792 298 2876 Quotiens
313 2792 407 2859 enim
419 2790 462 2859 ad
477 2813 558 2860 eum
573 2793 744 2884 confugit!
762 2792 816 2861 Ab
834 2816 874 2862 eo
892 2794 992 2886 petiit
1004 2800 1042 2861 ut
1053 2795 1172 2862 Romae
1183 2816 1245 2886 pro

127 2900 203 2992 ipso
218 2904 352 2990 ageret;
368 2904 453 2967 tunc
468 2904 585 2967 autem
601 2898 851 2968 Granvellanus
867 2901 904 2967 in
920 2901 998 2992 ejus
1012 2922 1150 2970 caueam
1174 2923 1246 2969 non

126 3028 257 3096 magno
273 3005 387 3075 studio
406 3005 575 3087 incubuit,
593 3006 676 3097 quia
698 3005 741 3074 de
769 3028 810 3074 eo
832 3028 903 3074 non
931 3007 1103 3099 optimum
1127 3007 1245 3075 Romae

125 3112 302 3206 judicium
311 3118 401 3181 esset
417 3118 450 3181 et
465 3134 546 3181 eum
562 3111 748 3181 cardinalis
762 3111 969 3181 admouebat
982 3135 1025 3181 ne
1038 3118 1109 3181 tam
1120 3113 1245 3182 immo-

126 3219 227 3288 dicus
243 3219 365 3311 lingua
378 3225 484 3302 esset;
501 3219 618 3287 verbis
640 3220 734 3287 enim
759 3219 830 3287 suis
855 3221 987 3287 curiam
1009 3217 1244 3311 pontificalem

125 3346 336 3418 magnopere
349 3348 430 3395 eum
445 3325 640 3394 offendisse.
659 3324 710 3394 Ob
723 3326 790 3395 hoc
803 3326 941 3409 vitium,
966 3331 1106 3394 auctore
1128 3327 1244 3395 Moril-

123 3432 232 3512 lanio.
244 3432 482 3502 Maximilieno
495 3431 706 3524 aliquotiens
719 3432 854 3502 diffisus
865 3438 915 3501 est
926 3438 959 3501 et
970 3433 1063 3525 apud
1076 3455 1156 3502 eum
1166 3457 1245 3527 pro-

124 3541 215 3610 iecto
231 3540 268 3607 iu
280 3561 407 3632 magna
418 3539 485 3607 luit
499 3541 641 3624 offensa,
657 3562 737 3607 cum
750 3541 834 3632 Regi
862 3539 1001 3631 scripsit
1022 3540 1151 3609 milites
1170 3547 1244 3612 tun·

123 3653 199 3716 tum
216 3647 387 3738 Hispanos
403 3647 439 3714 iu
452 3669 528 3715 arce
545 3645 787 3720 Cameracensi
806 3646 1043 3732 collocandos,
1070 3648 1130 3741 qui
1157 3650 1244 3742 Regi

123 3755 226 3823 unico
241 3758 275 3821 et
288 3753 480 3844 Margaritae
498 3753 639 3823 obnoxii
654 3761 767 3823 essent
780 3757 803 3820 ⁵.

167 3860 232 3929 llis
247 3859 289 3928 de
313 3860 426 3929 causis
456 3858 665 3952 aliquotiens
690 3859 952 3930 Maximilianus
975 3860 1242 3931 aGranveliano

152 4030 176 4081 l.
201 4029 322 4094 Generp,
334 4030 367 4080 de
378 4028 528 4091 Groaeelle,
543 4029 563 4091 l,
578 4045 603 4095 p.
619 4029 675 4082 427.

150 4129 175 4180 2.
188 4128 268 4189 ibid,
280 4127 301 4188 1,
313 4142 338 4192 p.
351 4126 408 4180 305.

149 4226 174 4279 3.
188 4227 302 4292 Pupierr
315 4215 419 4287 adrat,
437 4226 505 4288 vlit,
522 4240 548 4290 p.
565 4226 620 4276 429.

149 4326 174 4375 4.
188 4324 311 4389 Curram.
327 4322 360 4375 de
374 4324 527 4392 Graarelle,
540 4339 566 4389 p.
578 4324 641 4380 427.

150 4424 176 4475 5.
192 4422 311 4487 Correrp.
327 4421 359 4472 de
373 4422 494 4488 Philippo
505 4425 539 4484 ll,
550 4427 570 4476 t.
592 4423 612 4485 l,
627 4437 652 4486 p.
673 4422 727 4474 561.
