<?xml version="1.0" encoding="UTF-8"?>
<!DOCTYPE html PUBLIC "-//W3C//DTD XHTML 1.0 Transitional//EN"
    "http://www.w3.org/TR/xhtml1/DTD/xhtml1-transitional.dtd">
<html xmlns="http://www.w3.org/1999/xhtml" xml:lang="en" lang="en">
 <head>
  <title>
</title>
<meta http-equiv="Content-Type" content="text/html;charset=utf-8" />
  <meta name='ocr-system' content='tesseract 3.04.00' />
  <meta name='ocr-capabilities' content='ocr_page ocr_carea ocr_par ocr_line ocrx_word'/>
</head>
<body>
  <div class='ocr_page' id='page_1' title='image "./demaximilianoab00cardgoog_0184.png"; bbox 0 0 2968 5072; ppageno 0'>
   <div class='ocr_carea' id='block_1_1' title="bbox 404 432 1266 515">
    <p class='ocr_par' dir='ltr' id='par_1_1' title="bbox 404 432 1266 515">
     <span class='ocr_line' id='line_1_1' title="bbox 404 432 1266 515; baseline 0.001 -15"><span class='ocrx_word' id='word_1_1' title='bbox 404 455 443 501; x_wconf 84' lang='lat' dir='ltr'>ns</span> <span class='ocrx_word' id='word_1_2' title='bbox 464 432 668 515; x_wconf 76' lang='lat' dir='ltr'>rrxrunnro&#39;</span> <span class='ocrx_word' id='word_1_3' title='bbox 686 452 860 503; x_wconf 75' lang='lat' dir='ltr'>carneuna</span> <span class='ocrx_word' id='word_1_4' title='bbox 881 456 1015 504; x_wconf 76' lang='lat' dir='ltr'>suasore</span> <span class='ocrx_word' id='word_1_5' title='bbox 1208 441 1266 502; x_wconf 73' lang='lat' dir='ltr'>loct</span> 
     </span>
    </p>
   </div>
   <div class='ocr_carea' id='block_1_2' title="bbox 141 600 1268 3377">
    <p class='ocr_par' dir='ltr' id='par_1_2' title="bbox 147 600 1268 1338">
     <span class='ocr_line' id='line_1_2' title="bbox 147 600 1262 692; baseline 0.001 -23"><span class='ocrx_word' id='word_1_6' title='bbox 147 622 253 689; x_wconf 85' lang='lat' dir='ltr'>seque</span> <span class='ocrx_word' id='word_1_7' title='bbox 280 605 397 692; x_wconf 87' lang='lat' dir='ltr'>optare</span> <span class='ocrx_word' id='word_1_8' title='bbox 417 605 457 668; x_wconf 93' lang='lat' dir='ltr'>ut</span> <span class='ocrx_word' id='word_1_9' title='bbox 478 622 538 691; x_wconf 89' lang='lat' dir='ltr'>per</span> <span class='ocrx_word' id='word_1_10' title='bbox 553 600 703 691; x_wconf 90' lang='lat' dir='ltr'>compita</span> <span class='ocrx_word' id='word_1_11' title='bbox 726 605 761 681; x_wconf 83' lang='lat' dir='ltr'>et</span> <span class='ocrx_word' id='word_1_12' title='bbox 780 600 853 667; x_wconf 87' lang='lat' dir='ltr'>vias</span> <span class='ocrx_word' id='word_1_13' title='bbox 878 600 979 669; x_wconf 91' lang='lat' dir='ltr'>venia</span> <span class='ocrx_word' id='word_1_14' title='bbox 1003 600 1262 692; x_wconf 77' lang='lat' dir='ltr'>imploraretur.</span> 
     </span>
     <span class='ocr_line' id='line_1_3' title="bbox 148 707 1268 800; baseline -0.002 -22"><span class='ocrx_word' id='word_1_15' title='bbox 148 707 237 778; x_wconf 89' lang='lat' dir='ltr'>Cum</span> <span class='ocrx_word' id='word_1_16' title='bbox 250 708 468 776; x_wconf 89' lang='lat' dir='ltr'>Atrebateusi</span> <span class='ocrx_word' id='word_1_17' title='bbox 484 708 645 799; x_wconf 91' lang='lat' dir='ltr'>episcopo</span> <span class='ocrx_word' id='word_1_18' title='bbox 661 713 694 776; x_wconf 90' lang='lat' dir='ltr'>et</span> <span class='ocrx_word' id='word_1_19' title='bbox 709 707 908 776; x_wconf 91' lang='lat' dir='ltr'>Morillonio</span> <span class='ocrx_word' id='word_1_20' title='bbox 924 707 1016 776; x_wconf 89' lang='lat' dir='ltr'>idem</span> <span class='ocrx_word' id='word_1_21' title='bbox 1033 709 1183 800; x_wconf 78' lang='lat' dir='ltr'>prandit,</span> <span class='ocrx_word' id='word_1_22' title='bbox 1204 730 1268 776; x_wconf 89' lang='lat' dir='ltr'>nec</span> 
     </span>
     <span class='ocr_line' id='line_1_4' title="bbox 149 813 1268 907; baseline -0.002 -23"><span class='ocrx_word' id='word_1_23' title='bbox 149 814 280 884; x_wconf 89' lang='lat' dir='ltr'>interea</span> <span class='ocrx_word' id='word_1_24' title='bbox 295 814 501 883; x_wconf 90' lang='lat' dir='ltr'>sententiam</span> <span class='ocrx_word' id='word_1_25' title='bbox 517 815 647 896; x_wconf 82' lang='lat' dir='ltr'>movit3</span> <span class='ocrx_word' id='word_1_26' title='bbox 664 813 797 883; x_wconf 79' lang='lat' dir='ltr'>addidit</span> <span class='ocrx_word' id='word_1_27' title='bbox 815 814 919 884; x_wconf 86' lang='lat' dir='ltr'>etianr</span> <span class='ocrx_word' id='word_1_28' title='bbox 938 815 1044 884; x_wconf 92' lang='lat' dir='ltr'>nimis</span> <span class='ocrx_word' id='word_1_29' title='bbox 1059 813 1200 907; x_wconf 85' lang='lat' dir='ltr'>longam</span> <span class='ocrx_word' id='word_1_30' title='bbox 1217 816 1268 884; x_wconf 91' lang='lat' dir='ltr'>rei</span> 
     </span>
     <span class='ocr_line' id='line_1_5' title="bbox 149 921 1266 1015; baseline -0.004 -22"><span class='ocrx_word' id='word_1_31' title='bbox 149 923 443 1014; x_wconf 80' lang='lat' dir='ltr'>exspectationem</span> <span class='ocrx_word' id='word_1_32' title='bbox 461 923 581 992; x_wconf 85' lang='lat' dir='ltr'>luisse.</span> <span class='ocrx_word' id='word_1_33' title='bbox 612 922 698 991; x_wconf 88' lang='lat' dir='ltr'>Post</span> <span class='ocrx_word' id='word_1_34' title='bbox 720 922 906 1015; x_wconf 89' lang='lat' dir='ltr'>prandium</span> <span class='ocrx_word' id='word_1_35' title='bbox 929 921 972 990; x_wconf 89' lang='lat' dir='ltr'>ad</span> <span class='ocrx_word' id='word_1_36' title='bbox 991 922 1169 992; x_wconf 84' lang='lat' dir='ltr'>Albanum</span> <span class='ocrx_word' id='word_1_37' title='bbox 1189 923 1266 1007; x_wconf 90' lang='lat' dir='ltr'>ivit,</span> 
     </span>
     <span class='ocr_line' id='line_1_6' title="bbox 148 1028 1264 1123; baseline -0.002 -24"><span class='ocrx_word' id='word_1_38' title='bbox 148 1029 284 1100; x_wconf 89' lang='lat' dir='ltr'>aditum</span> <span class='ocrx_word' id='word_1_39' title='bbox 312 1029 434 1122; x_wconf 88' lang='lat' dir='ltr'>legatis</span> <span class='ocrx_word' id='word_1_40' title='bbox 458 1028 709 1122; x_wconf 87' lang='lat' dir='ltr'>postulaturus,</span> <span class='ocrx_word' id='word_1_41' title='bbox 731 1053 882 1123; x_wconf 83' lang='lat' dir='ltr'>moxque</span> <span class='ocrx_word' id='word_1_42' title='bbox 901 1036 981 1100; x_wconf 88' lang='lat' dir='ltr'>ante</span> <span class='ocrx_word' id='word_1_43' title='bbox 1009 1028 1124 1099; x_wconf 90' lang='lat' dir='ltr'>cubile</span> <span class='ocrx_word' id='word_1_44' title='bbox 1153 1029 1264 1110; x_wconf 90' lang='lat' dir='ltr'>ducis,</span> 
     </span>
     <span class='ocr_line' id='line_1_7' title="bbox 147 1136 1268 1231; baseline 0.001 -27"><span class='ocrx_word' id='word_1_45' title='bbox 147 1159 255 1230; x_wconf 84' lang='lat' dir='ltr'>quem</span> <span class='ocrx_word' id='word_1_46' title='bbox 269 1137 421 1230; x_wconf 89' lang='lat' dir='ltr'>podagra</span> <span class='ocrx_word' id='word_1_47' title='bbox 434 1138 607 1231; x_wconf 78' lang='lat' dir='ltr'>Jacentem</span> <span class='ocrx_word' id='word_1_48' title='bbox 627 1136 815 1217; x_wconf 86' lang='lat' dir='ltr'>detinebat,</span> <span class='ocrx_word' id='word_1_49' title='bbox 838 1159 896 1207; x_wconf 90' lang='lat' dir='ltr'>eos</span> <span class='ocrx_word' id='word_1_50' title='bbox 916 1137 1100 1230; x_wconf 78' lang='lat' dir='ltr'>perduxit.</span> <span class='ocrx_word' id='word_1_51' title='bbox 1124 1136 1268 1207; x_wconf 84' lang='lat' dir='ltr'>Stabant</span> 
     </span>
     <span class='ocr_line' id='line_1_8' title="bbox 147 1243 1007 1338; baseline 0.002 -26"><span class='ocrx_word' id='word_1_52' title='bbox 147 1250 289 1338; x_wconf 91' lang='lat' dir='ltr'>propter</span> <span class='ocrx_word' id='word_1_53' title='bbox 302 1243 434 1313; x_wconf 90' lang='lat' dir='ltr'>lectum</span> <span class='ocrx_word' id='word_1_54' title='bbox 449 1244 705 1314; x_wconf 89' lang='lat' dir='ltr'>Barlamontius</span> <span class='ocrx_word' id='word_1_55' title='bbox 720 1250 755 1315; x_wconf 92' lang='lat' dir='ltr'>et</span> <span class='ocrx_word' id='word_1_56' title='bbox 766 1246 798 1315; x_wconf 94' lang='lat' dir='ltr'><strong>N</strong></span> <span class='ocrx_word' id='word_1_57' title='bbox 799 1246 1007 1314; x_wconf 88' lang='lat' dir='ltr'>orcarmius.</span> 
     </span>
    </p>

    <p class='ocr_par' dir='ltr' id='par_1_3' title="bbox 141 1350 1267 3377">
     <span class='ocr_line' id='line_1_9' title="bbox 190 1350 1267 1445; baseline 0.001 -24"><span class='ocrx_word' id='word_1_58' title='bbox 190 1352 282 1421; x_wconf 88' lang='lat' dir='ltr'>Satis</span> <span class='ocrx_word' id='word_1_59' title='bbox 297 1374 424 1444; x_wconf 85' lang='lat' dir='ltr'>magna</span> <span class='ocrx_word' id='word_1_60' title='bbox 439 1350 603 1444; x_wconf 84' lang='lat' dir='ltr'>legationi</span> <span class='ocrx_word' id='word_1_61' title='bbox 624 1353 785 1445; x_wconf 73' lang='lat' dir='ltr'>dignitas,</span> <span class='ocrx_word' id='word_1_62' title='bbox 810 1351 875 1422; x_wconf 87' lang='lat' dir='ltr'>Cui</span> <span class='ocrx_word' id='word_1_63' title='bbox 895 1358 1042 1445; x_wconf 75' lang='lat' dir='ltr'>praeerat</span> <span class='ocrx_word' id='word_1_64' title='bbox 1060 1352 1267 1423; x_wconf 85' lang='lat' dir='ltr'>Maximilia·</span> 
     </span>
     <span class='ocr_line' id='line_1_10' title="bbox 146 1460 1265 1549; baseline 0 -19"><span class='ocrx_word' id='word_1_65' title='bbox 146 1481 237 1530; x_wconf 87' lang='lat' dir='ltr'>nus:</span> <span class='ocrx_word' id='word_1_66' title='bbox 281 1460 533 1529; x_wconf 88' lang='lat' dir='ltr'>Richardotum</span> <span class='ocrx_word' id='word_1_67' title='bbox 575 1460 809 1549; x_wconf 84' lang='lat' dir='ltr'>sequebantur</span> <span class='ocrx_word' id='word_1_68' title='bbox 845 1460 963 1530; x_wconf 88' lang='lat' dir='ltr'>cleriei</span> <span class='ocrx_word' id='word_1_69' title='bbox 1000 1461 1265 1543; x_wconf 87' lang='lat' dir='ltr'>Atrebatenses;</span> 
     </span>
     <span class='ocr_line' id='line_1_11' title="bbox 147 1565 1267 1659; baseline -0.003 -21"><span class='ocrx_word' id='word_1_70' title='bbox 147 1565 369 1638; x_wconf 88' lang='lat' dir='ltr'>Morillonius</span> <span class='ocrx_word' id='word_1_71' title='bbox 411 1567 561 1636; x_wconf 90' lang='lat' dir='ltr'>ducebat</span> <span class='ocrx_word' id='word_1_72' title='bbox 603 1590 662 1636; x_wconf 89' lang='lat' dir='ltr'>eos</span> <span class='ocrx_word' id='word_1_73' title='bbox 695 1590 784 1659; x_wconf 88' lang='lat' dir='ltr'>quas</span> <span class='ocrx_word' id='word_1_74' title='bbox 820 1567 1020 1652; x_wconf 86' lang='lat' dir='ltr'>Mechlinia,</span> <span class='ocrx_word' id='word_1_75' title='bbox 1059 1568 1267 1651; x_wconf 90' lang='lat' dir='ltr'>Lovanium,</span> 
     </span>
     <span class='ocr_line' id='line_1_12' title="bbox 147 1673 1267 1744; baseline 0.001 -1"><span class='ocrx_word' id='word_1_76' title='bbox 147 1674 325 1743; x_wconf 82' lang='lat' dir='ltr'>Bruxellae</span> <span class='ocrx_word' id='word_1_77' title='bbox 352 1680 385 1743; x_wconf 89' lang='lat' dir='ltr'>et</span> <span class='ocrx_word' id='word_1_78' title='bbox 408 1673 718 1743; x_wconf 87' lang='lat' dir='ltr'>Anderlachtensis</span> <span class='ocrx_word' id='word_1_79' title='bbox 746 1674 891 1744; x_wconf 90' lang='lat' dir='ltr'>ecclesia</span> <span class='ocrx_word' id='word_1_80' title='bbox 917 1676 1097 1744; x_wconf 88' lang='lat' dir='ltr'>miserant.</span> <span class='ocrx_word' id='word_1_81' title='bbox 1126 1675 1267 1744; x_wconf 89' lang='lat' dir='ltr'>Archie-</span> 
     </span>
     <span class='ocr_line' id='line_1_13' title="bbox 148 1781 1266 1875; baseline 0.002 -26"><span class='ocrx_word' id='word_1_82' title='bbox 148 1783 312 1874; x_wconf 90' lang='lat' dir='ltr'>piscopus</span> <span class='ocrx_word' id='word_1_83' title='bbox 340 1781 601 1852; x_wconf 87' lang='lat' dir='ltr'>Cameracensis</span> <span class='ocrx_word' id='word_1_84' title='bbox 628 1782 767 1851; x_wconf 90' lang='lat' dir='ltr'>dicendi</span> <span class='ocrx_word' id='word_1_85' title='bbox 789 1786 993 1874; x_wconf 90' lang='lat' dir='ltr'>potestatem</span> <span class='ocrx_word' id='word_1_86' title='bbox 1017 1805 1080 1874; x_wconf 87' lang='lat' dir='ltr'>pro</span> <span class='ocrx_word' id='word_1_87' title='bbox 1104 1783 1266 1875; x_wconf 89' lang='lat' dir='ltr'>episcopo</span> 
     </span>
     <span class='ocr_line' id='line_1_14' title="bbox 146 1887 1261 1982; baseline -0.001 -25"><span class='ocrx_word' id='word_1_88' title='bbox 146 1890 378 1967; x_wconf 87' lang='lat' dir='ltr'>Atrebatensi,</span> <span class='ocrx_word' id='word_1_89' title='bbox 407 1893 528 1981; x_wconf 89' lang='lat' dir='ltr'>utpote</span> <span class='ocrx_word' id='word_1_90' title='bbox 555 1887 765 1982; x_wconf 75' lang='lat' dir='ltr'>eloquentiae</span> <span class='ocrx_word' id='word_1_91' title='bbox 794 1888 1014 1981; x_wconf 91' lang='lat' dir='ltr'>peritissimo,</span> <span class='ocrx_word' id='word_1_92' title='bbox 1059 1889 1261 1982; x_wconf 89' lang='lat' dir='ltr'>postulavit.</span> 
     </span>
     <span class='ocr_line' id='line_1_15' title="bbox 146 1994 1266 2088; baseline -0.002 -22"><span class='ocrx_word' id='word_1_93' title='bbox 146 1995 214 2079; x_wconf 88' lang='lat' dir='ltr'>Qui</span> <span class='ocrx_word' id='word_1_94' title='bbox 231 1995 373 2088; x_wconf 91' lang='lat' dir='ltr'>quidem</span> <span class='ocrx_word' id='word_1_95' title='bbox 388 1996 542 2087; x_wconf 91' lang='lat' dir='ltr'>primum</span> <span class='ocrx_word' id='word_1_96' title='bbox 558 1994 639 2064; x_wconf 88' lang='lat' dir='ltr'>duci</span> <span class='ocrx_word' id='word_1_97' title='bbox 652 1996 805 2065; x_wconf 92' lang='lat' dir='ltr'>reditum</span> <span class='ocrx_word' id='word_1_98' title='bbox 820 1995 1013 2088; x_wconf 86' lang='lat' dir='ltr'>gratulatus</span> <span class='ocrx_word' id='word_1_99' title='bbox 1029 2003 1081 2066; x_wconf 89' lang='lat' dir='ltr'>est</span> <span class='ocrx_word' id='word_1_100' title='bbox 1093 2000 1126 2065; x_wconf 91' lang='lat' dir='ltr'>et</span> <span class='ocrx_word' id='word_1_101' title='bbox 1139 1997 1266 2088; x_wconf 86' lang='lat' dir='ltr'>gratias</span> 
     </span>
     <span class='ocr_line' id='line_1_16' title="bbox 147 2102 1265 2195; baseline 0 -24"><span class='ocrx_word' id='word_1_102' title='bbox 147 2102 220 2194; x_wconf 83' lang='lat' dir='ltr'>egit</span> <span class='ocrx_word' id='word_1_103' title='bbox 235 2102 327 2193; x_wconf 90' lang='lat' dir='ltr'>quod</span> <span class='ocrx_word' id='word_1_104' title='bbox 341 2103 460 2171; x_wconf 90' lang='lat' dir='ltr'>hostes</span> <span class='ocrx_word' id='word_1_105' title='bbox 474 2103 710 2195; x_wconf 89' lang='lat' dir='ltr'>oppressisset.</span> <span class='ocrx_word' id='word_1_106' title='bbox 728 2102 861 2172; x_wconf 87' lang='lat' dir='ltr'>Deinde</span> <span class='ocrx_word' id='word_1_107' title='bbox 871 2125 944 2172; x_wconf 90' lang='lat' dir='ltr'>rem</span> <span class='ocrx_word' id='word_1_108' title='bbox 957 2103 1000 2171; x_wconf 89' lang='lat' dir='ltr'>ad</span> <span class='ocrx_word' id='word_1_109' title='bbox 1011 2103 1151 2172; x_wconf 89' lang='lat' dir='ltr'>veniam</span> <span class='ocrx_word' id='word_1_110' title='bbox 1162 2125 1265 2195; x_wconf 90' lang='lat' dir='ltr'>gene-</span> 
     </span>
     <span class='ocr_line' id='line_1_17' title="bbox 147 2208 1266 2303; baseline -0.001 -25"><span class='ocrx_word' id='word_1_111' title='bbox 147 2209 258 2280; x_wconf 90' lang='lat' dir='ltr'>ralem</span> <span class='ocrx_word' id='word_1_112' title='bbox 274 2208 436 2287; x_wconf 88' lang='lat' dir='ltr'>deduxit;</span> <span class='ocrx_word' id='word_1_113' title='bbox 453 2232 560 2300; x_wconf 88' lang='lat' dir='ltr'>quam</span> <span class='ocrx_word' id='word_1_114' title='bbox 574 2232 645 2278; x_wconf 91' lang='lat' dir='ltr'>non</span> <span class='ocrx_word' id='word_1_115' title='bbox 659 2209 822 2280; x_wconf 79' lang='lat' dir='ltr'>indecore</span> <span class='ocrx_word' id='word_1_116' title='bbox 846 2209 1039 2303; x_wconf 91' lang='lat' dir='ltr'>proposuit,</span> <span class='ocrx_word' id='word_1_117' title='bbox 1053 2215 1087 2279; x_wconf 91' lang='lat' dir='ltr'>et</span> <span class='ocrx_word' id='word_1_118' title='bbox 1108 2210 1266 2280; x_wconf 86' lang='lat' dir='ltr'>auctori-</span> 
     </span>
     <span class='ocr_line' id='line_1_18' title="bbox 146 2316 1263 2410; baseline -0.001 -24"><span class='ocrx_word' id='word_1_119' title='bbox 146 2322 254 2386; x_wconf 91' lang='lat' dir='ltr'>tatem</span> <span class='ocrx_word' id='word_1_120' title='bbox 268 2321 425 2385; x_wconf 86' lang='lat' dir='ltr'>veterum</span> <span class='ocrx_word' id='word_1_121' title='bbox 440 2317 597 2402; x_wconf 91' lang='lat' dir='ltr'>Patrum,</span> <span class='ocrx_word' id='word_1_122' title='bbox 618 2316 677 2409; x_wconf 90' lang='lat' dir='ltr'>qui</span> <span class='ocrx_word' id='word_1_123' title='bbox 690 2338 826 2408; x_wconf 89' lang='lat' dir='ltr'>semper</span> <span class='ocrx_word' id='word_1_124' title='bbox 840 2339 876 2385; x_wconf 91' lang='lat' dir='ltr'>se</span> <span class='ocrx_word' id='word_1_125' title='bbox 884 2339 946 2409; x_wconf 90' lang='lat' dir='ltr'>pro</span> <span class='ocrx_word' id='word_1_126' title='bbox 956 2316 1113 2386; x_wconf 90' lang='lat' dir='ltr'>sontibus</span> <span class='ocrx_word' id='word_1_127' title='bbox 1124 2316 1263 2410; x_wconf 91' lang='lat' dir='ltr'>populis</span> 
     </span>
     <span class='ocr_line' id='line_1_19' title="bbox 145 2423 1263 2517; baseline -0.001 -22"><span class='ocrx_word' id='word_1_128' title='bbox 145 2424 388 2517; x_wconf 77' lang='lat' dir='ltr'>deprecatores</span> <span class='ocrx_word' id='word_1_129' title='bbox 408 2424 630 2516; x_wconf 78' lang='lat' dir='ltr'>praebuerint,</span> <span class='ocrx_word' id='word_1_130' title='bbox 653 2423 819 2516; x_wconf 80' lang='lat' dir='ltr'>praetulit.</span> <span class='ocrx_word' id='word_1_131' title='bbox 841 2423 936 2493; x_wconf 81' lang='lat' dir='ltr'>Adeo</span> <span class='ocrx_word' id='word_1_132' title='bbox 953 2423 1165 2493; x_wconf 90' lang='lat' dir='ltr'>miserabilis</span> <span class='ocrx_word' id='word_1_133' title='bbox 1186 2447 1263 2494; x_wconf 90' lang='lat' dir='ltr'>ora-</span> 
     </span>
     <span class='ocr_line' id='line_1_20' title="bbox 143 2530 1262 2625; baseline -0.001 -24"><span class='ocrx_word' id='word_1_134' title='bbox 143 2532 191 2601; x_wconf 92' lang='lat' dir='ltr'>tio</span> <span class='ocrx_word' id='word_1_135' title='bbox 204 2533 284 2615; x_wconf 84' lang='lat' dir='ltr'>fuit,</span> <span class='ocrx_word' id='word_1_136' title='bbox 301 2531 387 2600; x_wconf 90' lang='lat' dir='ltr'>adeo</span> <span class='ocrx_word' id='word_1_137' title='bbox 402 2530 555 2600; x_wconf 88' lang='lat' dir='ltr'>humiles</span> <span class='ocrx_word' id='word_1_138' title='bbox 570 2537 603 2600; x_wconf 90' lang='lat' dir='ltr'>et</span> <span class='ocrx_word' id='word_1_139' title='bbox 618 2530 776 2600; x_wconf 88' lang='lat' dir='ltr'>decentes</span> <span class='ocrx_word' id='word_1_140' title='bbox 796 2554 910 2611; x_wconf 88' lang='lat' dir='ltr'>voces,</span> <span class='ocrx_word' id='word_1_141' title='bbox 934 2537 974 2601; x_wconf 90' lang='lat' dir='ltr'>ut</span> <span class='ocrx_word' id='word_1_142' title='bbox 989 2555 1092 2602; x_wconf 90' lang='lat' dir='ltr'>nemo</span> <span class='ocrx_word' id='word_1_143' title='bbox 1109 2555 1262 2625; x_wconf 84' lang='lat' dir='ltr'>praesens</span> 
     </span>
     <span class='ocr_line' id='line_1_21' title="bbox 143 2638 1262 2732; baseline -0.002 -24"><span class='ocrx_word' id='word_1_144' title='bbox 143 2642 230 2708; x_wconf 89' lang='lat' dir='ltr'>tletu</span> <span class='ocrx_word' id='word_1_145' title='bbox 244 2638 461 2708; x_wconf 88' lang='lat' dir='ltr'>abstinuerit.</span> <span class='ocrx_word' id='word_1_146' title='bbox 478 2638 629 2708; x_wconf 87' lang='lat' dir='ltr'>Comiter</span> <span class='ocrx_word' id='word_1_147' title='bbox 642 2640 821 2732; x_wconf 89' lang='lat' dir='ltr'>respondit</span> <span class='ocrx_word' id='word_1_148' title='bbox 839 2639 997 2708; x_wconf 78' lang='lat' dir='ltr'>Albanus</span> <span class='ocrx_word' id='word_1_149' title='bbox 1012 2664 1020 2715; x_wconf 89' lang='lat'><strong>;</strong></span> <span class='ocrx_word' id='word_1_150' title='bbox 1042 2640 1171 2730; x_wconf 83' lang='lat' dir='ltr'>gratias</span> <span class='ocrx_word' id='word_1_151' title='bbox 1191 2638 1262 2731; x_wconf 91' lang='lat' dir='ltr'>egit</span> 
     </span>
     <span class='ocr_line' id='line_1_22' title="bbox 143 2746 1260 2839; baseline -0.003 -22"><span class='ocrx_word' id='word_1_152' title='bbox 143 2746 186 2817; x_wconf 91' lang='lat' dir='ltr'>de</span> <span class='ocrx_word' id='word_1_153' title='bbox 201 2747 302 2816; x_wconf 91' lang='lat' dir='ltr'>bonis</span> <span class='ocrx_word' id='word_1_154' title='bbox 317 2751 457 2839; x_wconf 91' lang='lat' dir='ltr'>propter</span> <span class='ocrx_word' id='word_1_155' title='bbox 472 2746 623 2816; x_wconf 90' lang='lat' dir='ltr'>reditum</span> <span class='ocrx_word' id='word_1_156' title='bbox 642 2747 779 2830; x_wconf 87' lang='lat' dir='ltr'>verbis;</span> <span class='ocrx_word' id='word_1_157' title='bbox 802 2771 885 2816; x_wconf 85' lang='lat' dir='ltr'>mox</span> <span class='ocrx_word' id='word_1_158' title='bbox 907 2746 1086 2817; x_wconf 87' lang='lat' dir='ltr'>admonuit</span> <span class='ocrx_word' id='word_1_159' title='bbox 1111 2769 1160 2826; x_wconf 88' lang='lat' dir='ltr'>se,</span> <span class='ocrx_word' id='word_1_160' title='bbox 1186 2747 1260 2838; x_wconf 87' lang='lat' dir='ltr'>regi</span> 
     </span>
     <span class='ocr_line' id='line_1_23' title="bbox 142 2853 1260 2946; baseline -0.004 -21"><span class='ocrx_word' id='word_1_161' title='bbox 142 2854 186 2925; x_wconf 89' lang='lat' dir='ltr'>de</span> <span class='ocrx_word' id='word_1_162' title='bbox 217 2854 319 2923; x_wconf 83' lang='lat' dir='ltr'>venia</span> <span class='ocrx_word' id='word_1_163' title='bbox 354 2859 615 2946; x_wconf 83' lang='lat' dir='ltr'>congruentem,</span> <span class='ocrx_word' id='word_1_164' title='bbox 657 2854 873 2925; x_wconf 89' lang='lat' dir='ltr'>multitudini</span> <span class='ocrx_word' id='word_1_165' title='bbox 910 2853 996 2923; x_wconf 92' lang='lat' dir='ltr'>olim</span> <span class='ocrx_word' id='word_1_166' title='bbox 1031 2855 1068 2923; x_wconf 92' lang='lat' dir='ltr'>in</span> <span class='ocrx_word' id='word_1_167' title='bbox 1104 2876 1260 2923; x_wconf 89' lang='lat' dir='ltr'>errorem</span> 
     </span>
     <span class='ocr_line' id='line_1_24' title="bbox 142 2960 1259 3053; baseline -0.004 -21"><span class='ocrx_word' id='word_1_168' title='bbox 142 2962 295 3032; x_wconf 84' lang='lat' dir='ltr'>induetae</span> <span class='ocrx_word' id='word_1_169' title='bbox 315 2960 456 3053; x_wconf 88' lang='lat' dir='ltr'>culpam</span> <span class='ocrx_word' id='word_1_170' title='bbox 475 2963 717 3032; x_wconf 89' lang='lat' dir='ltr'>remissurum.</span> <span class='ocrx_word' id='word_1_171' title='bbox 738 2962 880 3030; x_wconf 84' lang='lat' dir='ltr'>Abituri</span> <span class='ocrx_word' id='word_1_172' title='bbox 902 2966 955 3031; x_wconf 90' lang='lat' dir='ltr'>ter</span> <span class='ocrx_word' id='word_1_173' title='bbox 981 2967 1060 3031; x_wconf 89' lang='lat' dir='ltr'>ante</span> <span class='ocrx_word' id='word_1_174' title='bbox 1083 2961 1259 3029; x_wconf 89' lang='lat' dir='ltr'>Albanum</span> 
     </span>
     <span class='ocr_line' id='line_1_25' title="bbox 143 3066 1259 3163; baseline -0.004 -24"><span class='ocrx_word' id='word_1_175' title='bbox 143 3070 407 3163; x_wconf 88' lang='lat' dir='ltr'>procubuerunt</span> <span class='ocrx_word' id='word_1_176' title='bbox 424 3066 538 3160; x_wconf 85' lang='lat' dir='ltr'>legati.</span> <span class='ocrx_word' id='word_1_177' title='bbox 562 3070 651 3139; x_wconf 88' lang='lat' dir='ltr'>Cum</span> <span class='ocrx_word' id='word_1_178' title='bbox 670 3068 748 3138; x_wconf 91' lang='lat' dir='ltr'>loco</span> <span class='ocrx_word' id='word_1_179' title='bbox 769 3069 981 3149; x_wconf 88' lang='lat' dir='ltr'>recederent,</span> <span class='ocrx_word' id='word_1_180' title='bbox 1002 3067 1259 3137; x_wconf 89' lang='lat' dir='ltr'>Barlamontius</span> 
     </span>
     <span class='ocr_line' id='line_1_26' title="bbox 141 3175 1259 3269; baseline -0.004 -22"><span class='ocrx_word' id='word_1_181' title='bbox 141 3184 176 3247; x_wconf 91' lang='lat' dir='ltr'>et</span> <span class='ocrx_word' id='word_1_182' title='bbox 191 3177 416 3251; x_wconf 85' lang='lat' dir='ltr'>Norcarmius</span> <span class='ocrx_word' id='word_1_183' title='bbox 434 3175 635 3247; x_wconf 89' lang='lat' dir='ltr'>Morillonio</span> <span class='ocrx_word' id='word_1_184' title='bbox 652 3177 815 3245; x_wconf 85' lang='lat' dir='ltr'>dixerunt</span> <span class='ocrx_word' id='word_1_185' title='bbox 833 3175 965 3269; x_wconf 83' lang='lat' dir='ltr'>legatos</span> <span class='ocrx_word' id='word_1_186' title='bbox 986 3197 1155 3266; x_wconf 84' lang='lat' dir='ltr'>magnum</span> <span class='ocrx_word' id='word_1_187' title='bbox 1172 3196 1259 3268; x_wconf 91' lang='lat' dir='ltr'>opus</span> 
     </span>
     <span class='ocr_line' id='line_1_27' title="bbox 142 3282 1260 3377; baseline 0.003 -23"><span class='ocrx_word' id='word_1_188' title='bbox 142 3286 233 3356; x_wconf 91' lang='lat' dir='ltr'>bene</span> <span class='ocrx_word' id='word_1_189' title='bbox 249 3285 431 3376; x_wconf 85' lang='lat' dir='ltr'>incepisse,</span> <span class='ocrx_word' id='word_1_190' title='bbox 451 3290 485 3353; x_wconf 89' lang='lat' dir='ltr'>et</span> <span class='ocrx_word' id='word_1_191' title='bbox 510 3284 623 3353; x_wconf 89' lang='lat' dir='ltr'>oranti</span> <span class='ocrx_word' id='word_1_192' title='bbox 644 3290 684 3353; x_wconf 91' lang='lat' dir='ltr'>ut</span> <span class='ocrx_word' id='word_1_193' title='bbox 707 3283 883 3377; x_wconf 89' lang='lat' dir='ltr'>adjutores</span> <span class='ocrx_word' id='word_1_194' title='bbox 909 3284 1034 3366; x_wconf 86' lang='lat' dir='ltr'>forent,</span> <span class='ocrx_word' id='word_1_195' title='bbox 1047 3305 1082 3351; x_wconf 92' lang='lat' dir='ltr'>se</span> <span class='ocrx_word' id='word_1_196' title='bbox 1111 3282 1260 3357; x_wconf 86' lang='lat' dir='ltr'>libenter</span> 
     </span>
    </p>
   </div>
   <div class='ocr_carea' id='block_1_3' title="bbox 141 3390 1390 4127">
    <p class='ocr_par' dir='ltr' id='par_1_4' title="bbox 141 3390 842 3486">
     <span class='ocr_line' id='line_1_28' title="bbox 141 3390 842 3486; baseline -0.004 -22"><span class='ocrx_word' id='word_1_197' title='bbox 141 3391 276 3486; x_wconf 85' lang='lat' dir='ltr'>aliquid</span> <span class='ocrx_word' id='word_1_198' title='bbox 290 3390 412 3460; x_wconf 81' lang='lat' dir='ltr'>auxilii</span> <span class='ocrx_word' id='word_1_199' title='bbox 428 3391 561 3461; x_wconf 90' lang='lat' dir='ltr'>laturos</span> <span class='ocrx_word' id='word_1_200' title='bbox 577 3390 724 3483; x_wconf 89' lang='lat' dir='ltr'>polliciti</span> <span class='ocrx_word' id='word_1_201' title='bbox 738 3395 842 3461; x_wconf 71' lang='lat' dir='ltr'>sunt.</span> 
     </span>
    </p>

    <p class='ocr_par' dir='ltr' id='par_1_5' title="bbox 142 3497 1390 4127">
     <span class='ocr_line' id='line_1_29' title="bbox 185 3497 1390 3593; baseline 0.002 -26"><span class='ocrx_word' id='word_1_202' title='bbox 185 3499 355 3582; x_wconf 83' lang='lat' dir='ltr'>Albanus,</span> <span class='ocrx_word' id='word_1_203' title='bbox 392 3499 452 3591; x_wconf 89' lang='lat' dir='ltr'>qui</span> <span class='ocrx_word' id='word_1_204' title='bbox 489 3499 641 3590; x_wconf 86' lang='lat' dir='ltr'>benigno</span> <span class='ocrx_word' id='word_1_205' title='bbox 680 3499 781 3567; x_wconf 84' lang='lat' dir='ltr'>vultu</span> <span class='ocrx_word' id='word_1_206' title='bbox 820 3497 1030 3588; x_wconf 87' lang='lat' dir='ltr'>legationem</span> <span class='ocrx_word' id='word_1_207' title='bbox 1064 3507 1257 3593; x_wconf 79' lang='lat' dir='ltr'>exceperat,</span> <span class='ocrx_word' id='word_1_208' title='bbox 1387 3548 1390 3555; x_wconf 89' lang='lat'>.</span> 
     </span>
     <span class='ocr_line' id='line_1_30' title="bbox 142 3604 1258 3699; baseline 0.001 -23"><span class='ocrx_word' id='word_1_209' title='bbox 142 3629 307 3699; x_wconf 84' lang='lat' dir='ltr'>magnam</span> <span class='ocrx_word' id='word_1_210' title='bbox 334 3611 451 3674; x_wconf 84' lang='lat' dir='ltr'>tamen</span> <span class='ocrx_word' id='word_1_211' title='bbox 476 3607 600 3674; x_wconf 91' lang='lat' dir='ltr'>intimo</span> <span class='ocrx_word' id='word_1_212' title='bbox 615 3605 719 3676; x_wconf 86' lang='lat' dir='ltr'>corde</span> <span class='ocrx_word' id='word_1_213' title='bbox 734 3628 777 3674; x_wconf 84' lang='lat' dir='ltr'>ex</span> <span class='ocrx_word' id='word_1_214' title='bbox 790 3606 853 3674; x_wconf 88' lang='lat' dir='ltr'>hac</span> <span class='ocrx_word' id='word_1_215' title='bbox 875 3604 1072 3674; x_wconf 89' lang='lat' dir='ltr'>molestiam</span> <span class='ocrx_word' id='word_1_216' title='bbox 1101 3613 1258 3699; x_wconf 88' lang='lat' dir='ltr'>ceperat;</span> 
     </span>
     <span class='ocr_line' id='line_1_31' title="bbox 143 3711 1261 3805; baseline 0 -21"><span class='ocrx_word' id='word_1_217' title='bbox 143 3714 231 3784; x_wconf 89' lang='lat' dir='ltr'>adeo</span> <span class='ocrx_word' id='word_1_218' title='bbox 241 3719 281 3782; x_wconf 93' lang='lat' dir='ltr'>ut</span> <span class='ocrx_word' id='word_1_219' title='bbox 295 3717 432 3805; x_wconf 91' lang='lat' dir='ltr'>postera</span> <span class='ocrx_word' id='word_1_220' title='bbox 442 3712 498 3782; x_wconf 88' lang='lat' dir='ltr'>die</span> <span class='ocrx_word' id='word_1_221' title='bbox 514 3735 681 3804; x_wconf 89' lang='lat' dir='ltr'>quamres</span> <span class='ocrx_word' id='word_1_222' title='bbox 695 3714 803 3782; x_wconf 82' lang='lat' dir='ltr'>lactas</span> <span class='ocrx_word' id='word_1_223' title='bbox 820 3711 1051 3782; x_wconf 89' lang='lat' dir='ltr'>Granvellano</span> <span class='ocrx_word' id='word_1_224' title='bbox 1062 3720 1261 3784; x_wconf 89' lang='lat' dir='ltr'>narraverat</span> 
     </span>
     <span class='ocr_line' id='line_1_32' title="bbox 145 3818 1261 3912; baseline 0 -22"><span class='ocrx_word' id='word_1_225' title='bbox 145 3819 376 3903; x_wconf 77' lang='lat' dir='ltr'>Mandonius,</span> <span class='ocrx_word' id='word_1_226' title='bbox 408 3819 522 3890; x_wconf 90' lang='lat' dir='ltr'>eidem</span> <span class='ocrx_word' id='word_1_227' title='bbox 554 3820 729 3912; x_wconf 86' lang='lat' dir='ltr'>scripserit</span> <span class='ocrx_word' id='word_1_228' title='bbox 748 3819 829 3889; x_wconf 89' lang='lat' dir='ltr'>duci</span> <span class='ocrx_word' id='word_1_229' title='bbox 849 3818 1092 3889; x_wconf 84' lang='lat' dir='ltr'>tantummodo</span> <span class='ocrx_word' id='word_1_230' title='bbox 1117 3820 1261 3891; x_wconf 85' lang='lat' dir='ltr'>taedium</span> 
     </span>
     <span class='ocr_line' id='line_1_33' title="bbox 144 3926 1260 4019; baseline 0 -23"><span class='ocrx_word' id='word_1_231' title='bbox 144 3927 306 3996; x_wconf 87' lang='lat' dir='ltr'>admissae</span> <span class='ocrx_word' id='word_1_232' title='bbox 322 3926 505 4019; x_wconf 89' lang='lat' dir='ltr'>legationis</span> <span class='ocrx_word' id='word_1_233' title='bbox 520 3927 639 4009; x_wconf 90' lang='lat' dir='ltr'>luisse,</span> <span class='ocrx_word' id='word_1_234' title='bbox 657 3926 791 3996; x_wconf 91' lang='lat' dir='ltr'>nullam</span> <span class='ocrx_word' id='word_1_235' title='bbox 804 3931 921 3996; x_wconf 84' lang='lat' dir='ltr'>antem</span> <span class='ocrx_word' id='word_1_236' title='bbox 936 3928 1047 3996; x_wconf 85' lang='lat' dir='ltr'>veniae</span> <span class='ocrx_word' id='word_1_237' title='bbox 1069 3927 1260 3996; x_wconf 84' lang='lat' dir='ltr'>tribuendae</span> 
     </span>
     <span class='ocr_line' id='line_1_34' title="bbox 145 4033 1260 4127; baseline -0.001 -23"><span class='ocrx_word' id='word_1_238' title='bbox 145 4035 376 4117; x_wconf 89' lang='lat' dir='ltr'>voluntatem,</span> <span class='ocrx_word' id='word_1_239' title='bbox 392 4034 451 4102; x_wconf 89' lang='lat' dir='ltr'>scd</span> <span class='ocrx_word' id='word_1_240' title='bbox 469 4034 583 4126; x_wconf 92' lang='lat' dir='ltr'>potius</span> <span class='ocrx_word' id='word_1_241' title='bbox 596 4034 841 4103; x_wconf 84' lang='lat' dir='ltr'>necessitatem</span> <span class='ocrx_word' id='word_1_242' title='bbox 855 4056 927 4103; x_wconf 92' lang='lat' dir='ltr'>non</span> <span class='ocrx_word' id='word_1_243' title='bbox 943 4034 1073 4103; x_wconf 90' lang='lat' dir='ltr'>citatim</span> <span class='ocrx_word' id='word_1_244' title='bbox 1088 4033 1260 4127; x_wconf 69' lang='lat' dir='ltr'>negandi.</span> 
     </span>
    </p>
   </div>
   <div class='ocr_carea' id='block_1_4' title="bbox 174 4192 749 4437">
    <p class='ocr_par' dir='ltr' id='par_1_6' title="bbox 174 4192 749 4437">
     <span class='ocr_line' id='line_1_35' title="bbox 176 4192 749 4259; baseline -0.003 -13"><span class='ocrx_word' id='word_1_245' title='bbox 176 4196 201 4248; x_wconf 81' lang='grc' dir='ltr'>Ι.</span> <span class='ocrx_word' id='word_1_246' title='bbox 218 4195 293 4248; x_wconf 80' lang='lat' dir='ltr'>corr.</span> <span class='ocrx_word' id='word_1_247' title='bbox 307 4196 340 4247; x_wconf 82' lang='lat' dir='ltr'>de</span> <span class='ocrx_word' id='word_1_248' title='bbox 355 4193 502 4255; x_wconf 81' lang='lat' dir='ltr'>Granaelle,</span> <span class='ocrx_word' id='word_1_249' title='bbox 516 4193 561 4257; x_wconf 82' lang='grc' dir='ltr'>ΙΙΙ,</span> <span class='ocrx_word' id='word_1_250' title='bbox 576 4209 602 4259; x_wconf 82' lang='lat' dir='ltr'>p.</span> <span class='ocrx_word' id='word_1_251' title='bbox 617 4192 726 4245; x_wconf 73' lang='grc'><strong>447448.</strong></span> <span class='ocrx_word' id='word_1_252' title='bbox 741 4196 749 4257; x_wconf 87' lang='grc' dir='ltr'>Ι</span> 
     </span>
     <span class='ocr_line' id='line_1_36' title="bbox 174 4283 532 4349; baseline -0.011 -12"><span class='ocrx_word' id='word_1_253' title='bbox 174 4286 200 4337; x_wconf 82' lang='lat'>2.</span> <span class='ocrx_word' id='word_1_254' title='bbox 219 4285 302 4346; x_wconf 72' lang='lat' dir='ltr'>leid..</span> <span class='ocrx_word' id='word_1_255' title='bbox 313 4283 357 4345; x_wconf 88' lang='grc' dir='ltr'>ΙΙΙ,</span> <span class='ocrx_word' id='word_1_256' title='bbox 374 4299 400 4349; x_wconf 88' lang='lat' dir='ltr'>p.</span> <span class='ocrx_word' id='word_1_257' title='bbox 417 4284 532 4334; x_wconf 72' lang='lat' dir='ltr'>let-tes</span> 
     </span>
     <span class='ocr_line' id='line_1_37' title="bbox 175 4373 462 4437; baseline 0 -11"><span class='ocrx_word' id='word_1_258' title='bbox 175 4375 200 4426; x_wconf 84' lang='grc'>3.</span> <span class='ocrx_word' id='word_1_259' title='bbox 213 4373 292 4435; x_wconf 77' lang='lat' dir='ltr'>ibid..</span> <span class='ocrx_word' id='word_1_260' title='bbox 303 4373 346 4435; x_wconf 84' lang='grc' dir='ltr'>ΙΙΙ,</span> <span class='ocrx_word' id='word_1_261' title='bbox 358 4388 386 4437; x_wconf 87' lang='lat' dir='ltr'>p.</span> <span class='ocrx_word' id='word_1_262' title='bbox 403 4373 462 4426; x_wconf 69' lang='lat' dir='ltr'>aa.</span> 
     </span>
    </p>
   </div>
   <div class='ocr_carea' id='block_1_5' title="bbox 0 0 1488 5072">
    <p class='ocr_par' dir='ltr' id='par_1_7' title="bbox 0 0 1488 5072">
     <span class='ocr_line' id='line_1_38' title="bbox 0 0 1488 5072; baseline 0 1"><span class='ocrx_word' id='word_1_263' title='bbox 0 0 1488 5072; x_wconf 95' lang='lat' dir='ltr'> </span> 
     </span>
    </p>
   </div>
  </div>
 </body>
</html>
