2958 5076
515 524 638 571 svnoms
659 521 866 570 convocsnnrs
1206 506 1244 567 ct

83 738 86 745 ,
174 668 407 738 Provincialis
435 670 560 762 synodi
584 669 829 763 publicationis
852 692 989 738 summa
1012 676 1085 737 erat
1109 691 1249 760 exspec-

130 778 236 847 tatio:
255 777 310 846 die
329 779 371 846 20
395 778 526 846 mensis
545 777 752 847 Novembris
775 777 1006 847 Granvellano
1030 776 1249 848 Morillonius

132 885 271 977 scripsit
286 884 476 954 concilium
492 884 752 955 Cameracensis
767 884 921 977 episcopi
936 885 1094 954 nondum
1105 888 1250 976 impres·

133 1016 212 1061 snm
228 1015 303 1061 esse
317 997 340 1074 ¹,
356 1000 521 1084 tanquam
538 993 635 1061 illam
655 991 926 1085 publicationem
943 992 1091 1085 publicis
1107 992 1250 1061 calami-

133 1099 263 1168 tatibus
277 1101 313 1167 in
329 1101 441 1193 Belgii
454 1104 549 1192 parte
560 1101 755 1169 remedium
763 1101 922 1168 futurum
937 1123 1011 1168 esse
1022 1100 1248 1169 existimaret.

134 1207 202 1275 Sed
216 1213 403 1299 postquam
423 1209 630 1301 impressum
654 1213 716 1287 est,
734 1206 875 1276 concilii
899 1207 1091 1276 Tridentini
1115 1207 1251 1277 decreta

135 1337 206 1383 non
222 1319 354 1383 servata
375 1321 469 1399 sunt,
495 1339 577 1384 nam
599 1319 720 1408 postea
739 1313 831 1406 apud
854 1314 1124 1383 Granvellanum
1145 1316 1253 1385 Maxi·

133 1423 303 1490 milianus
316 1427 459 1515 questus
475 1428 526 1491 est
544 1445 585 1491 ea
599 1446 619 1491 a
637 1421 735 1490 laicis
751 1421 881 1490 violata
901 1444 988 1505 esse,
1003 1421 1085 1515 qnia
1109 1445 1253 1513 praeser-

134 1530 199 1597 tim
214 1551 235 1597 a
249 1529 385 1598 clericis
400 1553 471 1599 non
487 1536 619 1598 servata
633 1535 747 1598 essent
762 1530 783 1597 ’.

179 1637 226 1708 Ut
253 1636 496 1706 Tridentinum
523 1635 713 1706 concilium
740 1637 963 1729 reciperetur,
993 1637 1254 1709 Maximilianus

134 1744 331 1836 Margaritae
346 1768 417 1814 non
432 1745 682 1838 provincialem
698 1744 816 1823 modo,
834 1745 893 1812 sed
907 1745 1011 1814 etiam
1023 1745 1254 1814 dioecesanam

134 1852 312 1944 synodum
327 1858 493 1931 suaserat,
512 1876 590 1944 quae
604 1851 824 1944 provincialis
840 1852 964 1944 synodi
980 1852 1118 1921 decreta
1127 1858 1167 1920 ut
1178 1851 1255 1920 dili-

135 1966 255 2052 genter
270 1966 491 2029 servarentur
506 1964 643 2028 curaret
659 1961 680 2027 ⁸.
697 1959 846 2043 «Nobis,
859 1960 985 2052 inquit,
998 1959 1118 2028 sedulo
1135 1982 1255 2029 curan·

134 2066 221 2134 dum
246 2066 520 2136 existimavimus
544 2067 581 2134 in
599 2067 664 2136 bac
691 2072 809 2136 nostra
831 2067 1025 2136 dioecesana
1049 2068 1192 2160 synode,
1216 2070 1256 2136 ut

134 2198 206 2243 non
221 2173 337 2244 solum
353 2197 395 2243 ex
409 2175 556 2243 Patrnm
571 2174 741 2244 sententia
763 2174 846 2242 dicti
872 2174 1019 2244 Consilii
1035 2175 1256 2265 (Tridentini)

135 2283 276 2351 decreta
293 2287 326 2351 et
345 2305 496 2351 canones
519 2283 752 2375 publicentur,
777 2283 1008 2352 verumetiam
1032 2283 1074 2351 ab
1092 2282 1255 2351 omnibus

134 2411 301 2458 unacum
315 2389 437 2482 synodi
452 2390 677 2481 provincialis
693 2413 801 2482 nuper
821 2390 957 2458 anobis
980 2390 1111 2458 habitae
1129 2390 1256 2459 consti·

134 2497 331 2566 tutionibus
344 2520 383 2565 ac
394 2496 541 2565 decretis
556 2497 768 2591 recipiantur
783 2503 816 2566 et
825 2497 1007 2589 diligenter
1016 2496 1252 2567 observentur.

136 2605 175 2673 ld
189 2628 272 2673 vero
292 2627 362 2696 quo
382 2603 456 2673 lieri
479 2606 590 2696 possit
613 2605 830 2674 commodius
852 2612 885 2674 et
908 2606 1037 2674 horum
1058 2611 1256 2698 temporum

136 2712 336 2782 necessitati
369 2712 541 2781 efficacius
573 2712 797 2804 provideatur
833 2712 1005 2782 nonnulla
1037 2712 1255 2781 decretorum

136 2822 251 2915 capita
264 2819 503 2910 congessimus
526 2819 568 2888 ab
581 2820 743 2889 omnibus
763 2825 890 2888 nostrae
905 2820 1062 2888 dioecesis
1078 2817 1256 2888 ordinibus

136 2927 387 2999 inviolabiliter
402 2925 626 2996 observanda.
639 2929 670 2997 N
673 2951 719 2996 ou
733 2932 805 2995 tam
820 2950 889 3021 quo
906 2930 987 2997 novi
1001 2927 1180 3020 quippiam
1192 2933 1257 2995 sta·

136 3046 235 3107 tuere
247 3035 410 3118 velimus,
426 3056 532 3125 qnam
554 3039 593 3102 nt
609 3033 651 3104 de
670 3033 741 3102 illis
756 3034 965 3128 exequendis
983 3041 1017 3104 et
1036 3034 1256 3103 observandis

137 3167 216 3236 quae
235 3148 309 3211 tum
325 3140 521 3212 Concilium
533 3139 787 3225 Tridentinum,
811 3147 888 3210 tum
903 3140 1125 3235 provincialis
1140 3151 1258 3210 nostra

138 3250 294 3344 synodus
316 3248 479 3328 decrevit,
509 3255 598 3317 certa
625 3249 784 3340 quaedam
810 3250 921 3318 facilis
945 3255 979 3319 et
1006 3248 1189 3318 commoda
1212 3248 1258 3316 sil

138 3357 304 3427 omnibus
319 3361 352 3425 et
366 3355 514 3447 singulis
530 3355 720 3424 constituta
734 3356 821 3425 ratio
837 3361 857 3424 ⁸.
873 3381 892 3423 a

183 3460 490 3547 Quemadmodum
507 3462 731 3556 provincialis
749 3464 902 3558 synodus
918 3462 961 3531 ad
983 3462 1127 3532 clericos
1142 3461 1259 3555 potins

139 3572 349 3665 pertinebat,
371 3571 420 3638 ita
445 3569 638 3639 dioeoesana
661 3571 777 3664 potius
802 3570 845 3638 ad
869 3569 988 3649 laicos,
1011 3570 1138 3662 quippe
1160 3568 1258 3659 cujus

140 3679 280 3747 decreta
293 3676 554 3747 Maximilianus
571 3702 591 3743 c
611 3677 745 3747 clericis
773 3700 928 3748 necnon
949 3683 983 3747 et
1007 3676 1104 3746 laicis
1126 3681 1260 3745 nostra·

141 3808 219 3855 rum
232 3784 383 3853 civitatis
396 3788 430 3853 et
445 3784 602 3853 dioecesis
618 3785 875 3855 Cameracensis
890 3810 909 3852 a
925 3784 1070 3854 miserit.
1086 3784 1152 3852 llla
1166 3783 1260 3852 enim
1365 3866 1369 3871 Ι

171 3990 195 4045 1.
208 3992 285 4044 corr.
298 3990 331 4041 dc
346 3989 498 4051 drancelle,
509 3987 529 4050 1,
545 4003 571 4054 p.
583 3987 622 4039 15.

172 4091 196 4143 2.
211 4091 280 4151 rau,
298 4088 330 4150 ΙΙ,
346 4104 371 4153 p.
383 4089 408 4139 3.

172 4191 197 4243 3.
211 4191 250 4243 Ls
266 4192 344 4249 Puer,
358 4203 385 4252 p.
397 4187 436 4237 58.

173 4290 197 4343 4.
216 4288 346 4359 Synoduc
370 4286 525 4337 macerano
542 4282 737 4335 Cameracensis
758 4281 891 4334 celebrata
914 4294 984 4332 anno
1001 4279 1108 4330 Domini
1122 4277 1261 4330 millesimo

143 4368 355 4438 quingentesimo
369 4365 651 4431 recapestmoscplimo
662 4377 751 4415 menae
765 4362 864 4413 octobri
873 4361 1039 4427 (impressum
1050 4360 1177 4412 Bruxelle
1195 4357 1260 4421 apud

141 4444 289 4504 Michalem
306 4447 508 4507 Hemontanum,
524 4444 603 4507 lecu,
616 4460 642 4511 p.
654 4443 711 4493 1-2·
