2968 5072
380 448 419 492 na
440 448 537 493 vaura
559 448 723 494 cuneatus
748 446 997 494 raouonearroua
1191 428 1250 521 169

128 587 331 671 utilitatem,
365 593 394 658 si
420 591 536 660 visum
574 598 675 677 esset,
707 596 855 685 caperet.
887 591 1027 659 Sciebat
1057 591 1151 658 enim
1187 612 1248 659 rex

130 694 403 767 Granvellanum
428 722 500 768 nou
524 702 697 789 ignorare,
727 699 894 792 impensis
920 698 1079 790 ampliter
1107 697 1144 766 in
1169 696 1248 764 His-

127 804 233 894 pania
246 805 357 886 tactiS,
375 808 539 875 aerarium
554 807 730 876 incolume
747 805 981 875 servandum.

172 910 330 980 Albanus
348 915 421 1006 qui,
438 914 511 983 sive
527 920 661 1007 sponte,
679 914 751 983 sive
766 914 946 985 orantibus
968 913 1099 991 multis,
1124 934 1248 980 manus

128 1018 269 1087 veniam
282 1021 477 1112 petentibus
492 1022 573 1091 dare
587 1023 630 1090 ad
650 1027 845 1091 extremum
867 1022 1061 1099 videbatur,
1088 1019 1247 1088 formulae

129 1127 388 1197 conscribendae
404 1152 525 1198 curam
542 1130 657 1221 Viglio
669 1135 748 1198 ante
763 1152 895 1198 annum
913 1131 998 1198 1568
1010 1127 1247 1203 mandaverat.

127 1232 196 1300 Res
208 1238 292 1302 nota
308 1258 350 1304 ex
364 1237 473 1328 Viglii
488 1235 532 1305 ad
547 1238 749 1329 Hopperum
764 1235 932 1329 epistola:
952 1260 970 1304 ‹
986 1236 1036 1303 De
1052 1235 1156 1304 venia
1169 1256 1247 1327 gra-

129 1338 248 1431 tiaque
282 1342 436 1434 generali
464 1344 536 1412 dux
551 1344 706 1436 aliquam
721 1367 819 1437 spem
833 1345 947 1413 facere
979 1342 1082 1411 nobis
1110 1341 1244 1433 incipit,

128 1470 254 1540 meque
274 1451 353 1541 ejus
371 1450 559 1519 formulam
581 1452 762 1542 concipere
782 1451 900 1542 jussit.
926 1474 944 1516 a
965 1448 1033 1518 Sed
1057 1448 1093 1516 id
1113 1448 1249 1519 studuit

130 1578 269 1648 semper
293 1556 450 1625 Albanus
480 1564 519 1627 ut
547 1581 652 1648 quam
676 1558 937 1627 strictissimum
963 1557 1075 1624 veniae
1101 1555 1246 1625 modum

128 1667 296 1732 statueret
316 1665 462 1757 ejusque
482 1664 755 1756 publicationem
775 1664 971 1756 prolataret.
996 1661 1102 1731 Nulla
1122 1664 1243 1754 igitur,

128 1768 213 1838 dum
230 1771 417 1861 parabatur
430 1772 592 1851 formula,
611 1770 863 1864 suppliciorum
877 1769 1090 1838 intermissio
1103 1792 1110 1852 ;
1133 1770 1246 1838 nihilo

126 1877 285 1967 Vergasii
313 1878 493 1946 remissior
522 1879 709 1948 severitas¹.
737 1879 912 1946 Laetitiam
938 1882 1055 1945 tamen
1084 1877 1247 1945 afferebat

126 1983 244 2076 Belgis
261 1986 406 2054 nuntius
422 2008 539 2055 rerum
554 1985 596 2055 de
611 1987 714 2055 venia
727 1985 996 2077 propositarum.
1013 1984 1152 2052 Etenim
1173 2005 1245 2052 non

126 2089 271 2159 fallebat
285 2114 344 2160 eos
359 2091 517 2184 Viglium
533 2092 712 2162 liberrime
728 2098 761 2161 et
776 2092 1032 2184 sapientissime
1044 2090 1137 2183 apud
1158 2090 1244 2160 Con-

127 2197 252 2267 cilium
266 2198 382 2267 Status
397 2200 604 2268 sententiam
619 2200 760 2278 dixisse,
780 2205 813 2268 et
828 2221 969 2268 necesse
984 2199 1092 2266 fuisse
1116 2199 1246 2289 Vorga-

127 2306 192 2387 sio,
213 2306 273 2397 qui
289 2305 388 2374 abire
402 2305 583 2390 voluisset,
601 2307 643 2376 ab
665 2308 717 2375 ira
741 2307 895 2375 animam
916 2306 1100 2375 revocare.
1123 2305 1244 2397 Itaque

127 2411 215 2481 adeo
236 2411 329 2481 bono
357 2414 476 2483 animo
506 2414 600 2484 cives
627 2421 667 2484 ut
689 2414 811 2507 primis
840 2414 923 2483 anni
953 2414 1039 2483 1568
1068 2412 1245 2481 mensibus

127 2517 223 2587 haud
238 2520 276 2588 in
296 2519 404 2588 dubia
421 2543 480 2612 spe
509 2527 624 2589 essent
649 2522 760 2590 reniae
788 2526 868 2589 ante
894 2519 1039 2589 Paschae
1068 2519 1161 2588 diem
1186 2520 1246 2587 tri-

30 2690 39 2695 ,
126 2625 299 2695 buendae⁴.
318 2627 527 2720 Conceptam
541 2628 728 2697 formulam
743 2628 798 2696 die
815 2631 855 2696 10
869 2627 1001 2695 mensis
1010 2628 1126 2694 martii
1140 2626 1245 2695 Alba-

125 2756 194 2802 nus
210 2733 255 2802 ad
269 2734 473 2828 Philippum
488 2736 605 2813 misit;
623 2736 784 2827 quaedam
804 2759 866 2804 sua
887 2734 997 2827 ipsius
1015 2757 1121 2803 manu
1140 2734 1245 2803 adno-

126 2840 283 2909 taverat.
301 2841 369 2910 Sed
383 2842 502 2934 paucis
518 2849 597 2935 post
612 2842 732 2911 diebus
751 2842 863 2911 eidem
883 2842 1022 2934 scripsit
1040 2865 1084 2910 ne
1105 2842 1244 2912 veniam

127 2947 346 3034 concederet,
362 2949 454 3039 quod
469 2971 540 3017 non
555 2950 775 3041 aptissimum
788 2954 924 3041 tempus
940 2954 1053 3019 esset.

172 3055 339 3124 Attamen
354 3057 466 3125 veniae
481 3056 643 3139 formula,
655 3058 832 3125 Mantuam
843 3057 1114 3148 Carpetanorum
1123 3059 1242 3142 missa,

126 3161 236 3231 relata
248 3168 299 3231 est
313 3163 355 3231 ad
371 3163 507 3254 Belgas,
526 3163 586 3255 qui
615 3165 707 3256 apud
733 3162 909 3255 Hispaniae
937 3185 1056 3257 regem
1084 3164 1245 3233 consilia-

126 3270 263 3338 riorum
290 3269 432 3339 nomine
459 3277 567 3353 erant,
591 3271 796 3364 Hopperum
814 3272 945 3341 scilicet
974 3277 1008 3341 et
1032 3272 1243 3354 Tisnacum;

127 3376 189 3445 sed
204 3380 348 3469 uterque
361 3377 403 3446 de
417 3376 543 3445 Albani
557 3378 840 3449 annotationibus
865 3380 1008 3448 omnino
1028 3377 1160 3448 celatus
1179 3385 1241 3449 est.

127 3484 222 3553 Voce
235 3490 269 3552 et
283 3484 412 3577 scripto
428 3485 575 3575 professi
590 3492 671 3554 sunt
685 3488 900 3578 propositam
914 3508 989 3555 rem
1009 3508 1073 3556 nec
1094 3485 1244 3556 clemen-

128 3591 187 3658 tiae
202 3591 395 3684 promissa,
412 3613 477 3659 neo
499 3592 753 3662 Germanorum
769 3594 966 3685 principum
989 3593 1160 3686 precibus,
1179 3616 1243 3663 nec

128 3705 201 3767 tam
230 3696 344 3790 longae
371 3697 558 3790 Belgarum
578 3701 825 3791 exspectationi
855 3720 1066 3793 congruere;
1094 3699 1243 3794 denique

158 3858 181 3910 1.
199 3858 320 3924 Correap.
333 3859 366 3909 dc
381 3857 529 3920 Grancelle,
545 3858 589 3921 ΙΙΙ,
600 3874 626 3923 p.
642 3860 699 3910 577.

156 3956 181 4009 2.
195 3956 313 4018 Hosuca,
323 3970 349 4019 p.
364 3955 420 4009 498.

156 4053 181 4105 3.
198 4053 274 4105 Corr.
289 4053 321 4103 de
336 4053 485 4116 Gronveltc,
502 4053 547 4116 ΙΙΙ,
561 4069 587 4119 p.
600 4053 658 4107 458.

161 4154 186 4203 ⁴.
199 4151 278 4215 ibin,
294 4151 376 4215 111,p.
391 4151 448 4204 496.
739 4210 758 4221 -

156 4252 184 4304 b.
195 4249 270 4301 corr.
281 4249 313 4300 dc
325 4248 446 4316 Philippa
460 4249 495 4312 ΙΙ,
512 4255 530 4302 t.
542 4254 576 4313 ΙΙ,
587 4265 613 4315 p.
628 4254 669 4317 90,

157 4348 182 4398 6.
198 4347 286 4408 rua,
305 4352 322 4399 t.
339 4347 371 4408 ΙΙ,
383 4362 408 4411 p.
424 4348 464 4399 74.
