2958 5076
254 412 293 469 54
599 419 637 464 DE
657 418 859 465 unxmuauo
881 422 900 466 Α
923 421 1028 466 BERGIS

255 566 348 657 quod
363 571 481 633 tamen
494 563 525 631 ei
540 585 664 653 param
687 563 876 631 verisimile
895 563 1088 645 videbatur,
1107 567 1161 633 sin
1183 550 1286 633 aliter
1310 565 1368 633 hor

255 671 409 742 universi
425 672 586 738 interitus
602 671 741 759 signum
752 673 824 740 lore
835 679 856 740 ⁴.
1219 680 1225 691 '

299 780 374 848 Hoc
391 784 526 846 tantum
542 777 704 845 novimus
721 777 827 867 (quod
850 779 893 846 ad
908 778 1191 848 Maximilianum
1215 782 1369 871 spectat),

256 889 386 979 legatos
417 886 681 954 Cameracenses
712 887 770 976 qui
797 888 994 975 Augustam
1025 894 1193 956 venerant
1221 888 1370 956 ecclesia

256 996 436 1065 catholicae
452 1015 576 1084 parum
590 991 765 1059 studiosos
787 993 894 1062 luisse
919 998 952 1061 ct
977 994 1013 1062 in
1028 994 1178 1063 comitiis
1194 996 1370 1086 negotium

255 1100 493 1173 Maximiliano
522 1098 711 1166 lacessisse.
746 1099 800 1165 llli
829 1101 923 1166 euim
959 1106 998 1167 nt
1029 1101 1095 1170 sihi
1121 1103 1374 1170 contessionem

257 1214 498 1299 Augustanam
516 1206 611 1297 sequi
634 1205 751 1272 liceret
775 1208 967 1297 petierunt;
1004 1214 1040 1274 ut
1068 1214 1205 1276 caveret
1242 1210 1376 1277 archie-

259 1318 418 1408 piscopus
453 1312 651 1381 admonitus
686 1319 779 1378 erat:
816 1313 871 1378 his
905 1319 1020 1381 autem
1059 1316 1202 1384 monitis
1240 1317 1376 1385 eredere

255 1423 451 1490 noluerat¹.

303 1530 467 1620 Spectant
504 1551 641 1617 quoque
676 1527 718 1592 ad
756 1527 1038 1595 Maximilianum
1075 1531 1377 1622 archiepiscopum

258 1637 333 1703 haec
347 1635 500 1709 comitia,
519 1633 610 1723 quod
634 1633 811 1700 lutherani
838 1633 1092 1726 Imperatorem
1121 1642 1203 1705 tuuc
1225 1638 1379 1729 impule-

258 1748 341 1810 runt
357 1749 394 1809 ut
409 1741 609 1831 Philippum
624 1763 742 1832 regem
758 1740 802 1807 ad
821 1741 1023 1830 ignoscendi
1040 1744 1260 1812 voluntatem
1275 1745 1380 1814 dedu·
1421 1758 1422 1763 ’

261 1854 365 1926 ceret,
386 1847 477 1937 quod
493 1848 750 1938 archiepiscopo
765 1870 835 1914 non
857 1849 1033 1940 ingratum
1056 1850 1133 1920 fuit.
1153 1878 1170 1915 ε
1188 1851 1379 1943 Sperabant

259 1956 387 2047 Belgae,
416 1954 529 2046 inquit
551 1955 723 2044 Languet,
758 1956 1002 2045 imperatorem
1040 1957 1322 2026 Maximilianum
1346 1960 1380 2026 in

258 2061 426 2154 proximis
442 2060 592 2139 comitiis
607 2061 801 2128 remedium
824 2061 965 2150 aliquod
985 2064 1140 2153 ipsorum
1159 2065 1262 2132 malis
1278 2066 1382 2133 adhi-

260 2170 453 2237 biturum³.
486 2194 503 2234 r
534 2167 762 2258 Lantgravins
794 2168 926 2235 Hassiae
959 2169 1154 2238 Gulielmus
1187 2172 1380 2263 Orangium
1466 2242 1467 2247 ,

261 2277 556 2343 hortatuseratut
574 2275 764 2366 supplicem
789 2273 946 2342 libellum
972 2275 1120 2342 comitiis
1149 2279 1343 2369 porrigeret
1358 2282 1378 2357 ⁴,
1466 2258 1467 2279 l

262 2390 295 2450 et
322 2382 507 2470 Orangins,
537 2404 617 2448 cum
651 2382 853 2472 Philippum
886 2405 1002 2472 regem
1034 2384 1167 2451 hellam
1201 2393 1380 2476 parantem

260 2487 405 2566 videret,
424 2512 443 2554 a
459 2486 671 2578 principibus
693 2488 873 2555 Germanis
896 2511 997 2580 opem
1022 2490 1121 2579 petiit
1135 2497 1156 2558 ⁵.
1178 2492 1244 2559 Die
1269 2494 1381 2585 primo

262 2595 393 2662 mensis
408 2593 527 2684 aprilis
548 2616 566 2659 «
596 2594 727 2663 nobiles
755 2594 799 2662 ad
823 2594 1103 2664 Maximilianum
1131 2597 1382 2685 imperatorem

263 2701 456 2792 supplicem
485 2699 644 2768 libellum
671 2702 809 2780 misere,
838 2703 980 2770 nomine
1015 2725 1136 2770 eorum
1170 2706 1230 2796 qui
1265 2708 1383 2774 relicta

262 2809 420 2876 Romana
432 2806 600 2897 religione
615 2808 657 2874 ad
680 2810 907 2875 reformatum
927 2810 1157 2900 Evangelium
1184 2835 1219 2879 se
1232 2817 1383 2880 transtu·

264 2914 386 2983 lerant.
405 2915 444 2981 ln
458 2936 498 2982 eo
515 2913 716 3006 suppliciter
730 2915 895 2982 cesares
912 2916 1102 3005 Majestatis
1114 2919 1382 3013 principumque

263 3022 435 3091 auxilium
449 3021 666 3112 expetebant,
680 3031 719 3088 ut
741 3021 889 3089 consilio
916 3025 1188 3116 auctoritateque
1207 3050 1271 3094 sua
1297 3028 1384 3095 Phi-

261 3130 356 3221 lippo
385 3129 474 3218 Regi
504 3128 753 3220 persuaderent
783 3134 821 3194 ut
853 3152 896 3197 ne
924 3131 1130 3220 sanguinem
1156 3132 1317 3201 fidelium
1346 3157 1383 3202 ac

264 3237 463 3304 timentium
478 3235 592 3302 Deum
608 3235 783 3303 effundere
800 3242 956 3326 pergeret
981 3241 1083 3328 atque
1097 3237 1143 3304 ita
1166 3239 1201 3304 in
1226 3263 1263 3306 se
1279 3241 1384 3308 lami·
1465 3234 1466 3237 ¹

263 3342 417 3433 liamque
434 3366 532 3409 suain
550 3341 636 3408 iram
647 3341 711 3408 Dei
723 3343 982 3434 vindictamque
998 3351 1185 3412 arcesseret
1200 3355 1221 3413 ⁸.
1238 3371 1256 3412 >›
1273 3348 1383 3415 Comi·
1465 3346 1466 3395 l

264 3450 312 3517 tia
326 3455 441 3516 autem
456 3455 490 3516 et
501 3449 695 3541 imperator
709 3448 797 3514 nihil
814 3456 896 3516 tunc
910 3473 972 3540 pro
989 3450 1105 3541 Belgis
1123 3453 1294 3536 iecerunt,
1310 3453 1379 3545 qui,

263 3556 378 3647 inquit
392 3555 563 3643 Longum,
579 3577 597 3619 ‹<
614 3555 674 3622 uhi
690 3554 855 3623 viderunt
870 3578 905 3623 se
921 3579 984 3623 sua
998 3580 1058 3648 spe
1070 3558 1186 3639 falsos
1204 3563 1381 3628 tentarunt

264 3668 469 3730 extrema.»

295 3832 318 3882 t.
336 3831 456 3895 Correap.
470 3831 503 3880 de
517 3829 664 3892 Granvelle,
680 3831 699 3890 1,
715 3844 740 3892 p.
756 3830 797 3882 81.

293 3928 408 3993 arua„
425 3931 443 3989 ι,
459 3943 484 3991 p.
501 3927 556 3977 aaa.
634 3908 650 3978 '.

293 4029 317 4079 3.
331 4028 380 4091 up.
391 4041 457 4076 secr.
473 4025 494 4087 1,
508 4026 533 4075 6.

293 4126 316 4174 4.
333 4126 426 4175 Gaura
443 4138 496 4175 vnn
510 4123 690 4184 Pamsruana,
707 4123 754 4188 Op.
768 4125 805 4173 cit
827 4122 859 4183 ll,
875 4138 900 4186 p.
918 4124 950 4173 69
960 4125 1003 4176 70.

293 4220 528 4285 amffipffl

292 4322 316 4371 6.
330 4320 373 4371 cf.
389 4323 490 4382 Gaura,
505 4317 537 4378 11,
553 4333 578 4381 p.
594 4317 633 4368 70.
