2958 5076
262 436 302 497 50
612 448 651 493 or
671 443 871 491 flamminio
893 445 912 489 Α
933 444 1039 490 cuncis

263 594 402 665 Castalii
413 593 670 663 Cameracensis
681 589 955 669 rebellavissent,
968 589 1334 681 paceniAugustauam
1345 596 1374 656 et

262 701 376 794 legem
393 702 482 770 hanc
500 699 776 770 Germanicam«
794 698 893 786 cujus
917 696 1022 787 cepio,
1041 698 1114 785 ejus
1129 695 1252 785 relipc'o
1269 721 1286 761 a
1304 720 1375 764 evo·

264 810 365 878 cavit.

309 916 536 997 praterhac,
560 918 621 1007 per
643 910 906 1003 quatuordecim
930 913 1149 1003 episcopatus
1176 935 1300 990 annos,
1326 912 1375 978 bis

262 1030 397 1093 tantum
414 1021 606 1092 Germania
622 1020 813 1112 principem
828 1040 864 1085 se
880 1017 1021 1085 habuit:
1037 1018 1149 1109 primo
1172 1041 1253 1086 cum
1277 1041 1375 1087 coro-

260 1154 342 1199 nam
358 1128 600 1199 Germanicam
617 1127 748 1218 accepit
763 1125 1022 1193 Maximilianns
1037 1125 1240 1216 Imperator,
1256 1125 1373 1193 deinde

260 1261 340 1306 cum
356 1236 399 1304 ad
416 1237 622 1328 Augustana
647 1233 788 1300 comitia
816 1232 1075 1300 Cameracensis
1098 1232 1283 1323 episcopus
1304 1233 1372 1299 ivit.

219 1396 227 1409 .
259 1343 428 1413 Sollemni
444 1348 560 1411 autem
578 1339 740 1420 concilio,
764 1339 823 1406 ubi
851 1361 1016 1406 coronam
1030 1338 1162 1429 accepit
1174 1339 1373 1430 Imperator,

259 1452 332 1543 ipse
348 1450 465 1519 adesse
482 1471 553 1516 non
566 1448 690 1540 potuit.
710 1446 751 1514 Id
763 1446 856 1513 enim
871 1446 1070 1513 nuntiatum
1084 1451 1155 1513 erat
1169 1445 1376 1537 Aquisgrani

259 1559 333 1626 iore
360 1567 393 1625 et
420 1579 461 1624 eo
488 1554 747 1622 Maximilianus
776 1575 796 1619 a
821 1552 942 1642 Bergis
966 1553 1015 1618 ire
1042 1550 1263 1620 decreverat:
1300 1575 1375 1620 cum

259 1671 375 1733 autem
401 1685 519 1730 mense
552 1659 732 1729 novembri
770 1658 812 1725 ad
847 1658 944 1726 illam
983 1660 1105 1726 urbem
1139 1659 1373 1738 contenderet,

260 1770 435 1839 Bruxellis
451 1768 662 1837 audivitnon
677 1765 887 1858 Aquisgrani
903 1766 1095 1833 secundum
1111 1765 1254 1857 Imperii
1270 1764 1374 1857 leges,

260 1878 320 1945 sed
345 1875 562 1944 Francoiurti
589 1872 778 1941 concilium
797 1874 883 1940 foro.
912 1873 1021 1954 Tunc,
1051 1895 1130 1940 cum
1153 1895 1224 1939 non
1249 1872 1282 1939 ci
1307 1874 1376 1963 jam

260 1986 409 2075 spatium
440 1991 529 2050 osset
560 1981 602 2046 ad
632 1978 843 2047 veniendum
881 1980 1157 2056 Francoiurtum,
1192 1985 1375 2069 antequam

258 2090 446 2159 concilium
476 2087 679 2167 discederet,
722 2109 802 2153 cum
835 2085 984 2153 maxima
1020 2084 1193 2154 celeritate
1225 2086 1376 2177 legatum

261 2199 367 2280 misit,
385 2197 443 2287 qui
460 2218 495 2261 sc
512 2201 692 2262 excusaret
704 2200 737 2260 et
751 2192 954 2283 Imperatori
973 2192 1204 2282 gratularetur
1221 2192 1239 2259 ¹,

301 2303 457 2395 Denique
478 2325 568 2370 anno
588 2305 673 2369 156ss
693 2297 955 2366 Maximilianus
981 2321 1001 2365 a
1022 2298 1144 2389 Bergis
1171 2298 1214 2366 ad
1237 2302 1374 2368 comitia

257 2416 458 2502 ,ingustana
475 2409 548 2491 ivit,
566 2408 627 2475 ubi
644 2408 685 2474 de
702 2406 836 2473 cluabus
861 2406 964 2473 rebus
981 2415 1094 2473 actum
1120 2410 1181 2488 est,
1207 2430 1288 2496 quae
1313 2409 1376 2475 uti-

258 2518 380 2609 quoad
399 2539 477 2583 eum
497 2513 701 2594 attinebant,
727 2536 875 2603 quamam
899 2535 969 2579 una
995 2511 1060 2579 fuit
1079 2512 1251 2580 tributum
1278 2538 1373 2582 exac-

258 2632 331 2692 tum
348 2623 389 2691 ab
403 2623 627 2713 imperatore,
648 2626 787 2712 propter
808 2617 942 2686 belluni
959 2643 978 2685 a
996 2619 1115 2687 Turcis
1133 2620 1372 2703 commissum,

208 2728 210 2733 ’
256 2730 362 2798 altera
378 2728 622 2797 coutroversiae
638 2727 727 2794 inter
742 2727 936 2795 catholicos
950 2731 984 2792 et
997 2726 1179 2793 hereticos
1197 2734 1316 2795 motae.

300 2838 459 2905 Primum
475 2835 604 2903 tributa
629 2860 647 2900 a
677 2834 811 2901 cunctis
834 2858 874 2901 ea
904 2838 1040 2900 tantum
1060 2832 1265 2901 condicione
1298 2858 1376 2903 cou-

256 2968 350 3012 ressa
366 2952 447 3012 sunt
462 2950 501 3010 ut
515 2940 700 3033 principes,
719 2941 778 3032 qui
794 2963 835 3008 ca
850 2939 997 3030 propriis
1014 2939 1136 3031 opibus
1152 2940 1287 3008 solvere
1305 2965 1373 3008 nou

255 3059 406 3142 possent,
426 3049 589 3143 pecunias
607 3049 741 3115 cunctis
755 3046 888 3114 civibus
901 3046 1133 3137 imperarent.

299 3159 423 3227 Nescio
440 3180 483 3225 an
499 3156 578 3223 huic
593 3154 772 3222 sententiae
783 3152 1043 3221 ilaximilianus
1058 3154 1303 3223 intercesserit.
1323 3155 1371 3222 Ad

255 3266 392 3332 comitia
407 3273 526 3331 tamen
540 3263 744 3352 Augustana
766 3266 910 3327 venerut
928 3269 967 3326 ut
983 3261 1105 3327 arario
1132 3261 1374 3329 Cameracensi

254 3370 543 3463 patrocinaretur:
575 3369 704 3435 etenim
723 3373 854 3456 septem
876 3374 909 3434 et
931 3367 1054 3456 viginti
1084 3366 1197 3436 millia
1224 3369 1375 3437 floreno-

253 3500 332 3544 rum
353 3498 415 3568 pro
444 3475 537 3542 helio
573 3479 691 3541 contra
719 3473 858 3556 Turcas,
889 3470 1128 3553 munimentis,
1164 3473 1375 3569 publicoque

251 3584 372 3651 erario
400 3583 606 3672 Imperatori
639 3579 797 3647 debebat.
828 3580 936 3647 Tanta
963 3581 1111 3670 pecnnia
1145 3581 1374 3652 Cameracesii

252 3690 376 3758 incolae
392 3686 639 3757 molestissime
661 3685 786 3752 moniti
813 3693 909 3753 erant
930 3686 1054 3777 quibus
1082 3688 1274 3756 Germaniae
1302 3691 1374 3758 vin-

252 3796 341 3863 culis
358 3795 471 3886 juncti
497 3800 621 3861 essent.
646 3793 717 3859 Nec
732 3793 863 3859 mirum
883 3799 933 3861 est
954 3792 982 3859 si
1007 3798 1117 3861 status
1143 3795 1375 3864 Cameracesii

252 3909 286 3971 et
300 3901 582 3992 archiepiscopus
599 3899 738 3990 gravius
761 3898 849 3966 illud
872 3922 960 3966 onus
979 3898 1162 3983 ducebant,
1182 3903 1374 3992 praesertim

250 4010 292 4077 ob
305 4013 544 4100 paupertatem
556 4015 589 4070 et
598 4004 825 4085 calamitates,
838 4006 965 4097 quibus
983 4006 1261 4076 Cameracesium
1275 4010 1374 4077 bellis

284 4251 306 4298 t.
322 4249 390 4298 Bibl.
403 4250 435 4298 dc
453 4244 581 4302 Cambrai,
595 4244 637 4293 Ms
652 4244 721 4303 1168,
734 4244 777 4305 ΙΙΙ,
793 4261 819 4308 p.
835 4248 865 4294 25
878 4263 933 4310 sqq.

280 4351 304 4399 2.
322 4349 446 4405 Prrsraa,
459 4343 577 4395 Histoire
589 4340 769 4406 d'tllemoqne
782 4344 935 4407 (traduction
952 4343 1072 4406 Paquis),
1087 4350 1103 4395 t.
1122 4345 1175 4404 Vll,
1188 4363 1213 4410 p.
1229 4348 1354 4398 eat-482.
