2968 5072
357 379 396 426 on
416 375 616 431 senmurum
638 375 812 426 carneuna
833 380 967 428 suasoae
1168 363 1225 429 tu

106 521 141 590 Is
155 522 226 590 fuit
241 521 463 591 Granvellani
476 529 510 591 et
525 523 754 592 Maximiliani
771 524 812 593 de
831 524 933 593 venia
955 546 1157 606 consensus,
1173 535 1223 606 u',

105 651 190 696 eum
228 651 307 698 eam
340 630 560 722 promulgare
601 654 692 699 anno
736 633 821 700 1570
863 632 997 711 statuit,
1045 631 1226 723 Philippus

104 742 297 827 utrumque
307 735 349 804 ad
359 737 593 828 pontificalem
603 738 712 806 veniae
722 737 853 807 bullam
864 737 906 805 ad
915 739 1037 830 Belgas
1047 738 1225 808 ferendam

104 865 248 911 summo
263 843 423 912 Pontifici
439 845 743 915 commendaverit.

515 1173 545 1218 c.
572 1153 627 1218 Ao
650 1148 816 1219 Nobiles?

151 1360 412 1432 Maximilianus
444 1365 574 1433 amicos
603 1365 702 1455 quasi
732 1365 768 1431 in
793 1368 938 1456 utraque
966 1367 1060 1455 parte
1088 1363 1224 1433 habuit.

105 1470 343 1554 Quaerendum
358 1487 409 1540 est
422 1494 509 1539 num
528 1471 721 1540 clementia
743 1475 864 1540 auctor
882 1471 987 1539 fuerit
1002 1471 1093 1562 quod
1108 1493 1226 1564 prooe-

106 1576 206 1646 ribus
218 1578 435 1646 familiariter
449 1582 618 1660 uteretur,
627 1586 661 1647 et
673 1580 790 1647 minus
807 1579 1024 1648 auctoritatis
1033 1577 1076 1645 ad
1090 1577 1227 1647 veniam

105 1685 359 1778 deposcendam
374 1686 547 1765 habuerit,
563 1687 656 1778 quod
673 1710 735 1778 pro
751 1686 881 1755 eisdem
898 1686 1111 1778 deposceret.

148 1792 319 1862 Nonnulli
331 1800 365 1861 et
375 1794 528 1862 maxime
538 1792 757 1863 Morillonius
773 1793 1027 1863 contendebant
1041 1793 1227 1885 arehiepis-

105 1923 235 1992 copum
256 1901 551 1985 Cameracensem,
574 1902 775 1971 marchione
794 1900 961 1993 Bergensi
984 1906 1017 1969 et
1042 1902 1223 1980 Montinio,

105 2008 167 2100 qui
180 2013 265 2075 tune
282 2009 318 2075 in
339 1992 505 2101 Hispania
532 2031 594 2099 pro
616 2008 750 2100 seipsis
766 2007 942 2086 timerent,
959 2007 1172 2090 auctoribuS,
1192 2013 1226 2075 et

104 2114 282 2195 Pontifici,
298 2113 505 2184 clericorum
522 2115 676 2200 nomine,
694 2121 729 2184 et
743 2138 804 2208 per
822 2115 1028 2184 Pontificem
1044 2116 1129 2207 Regi
1150 2113 1224 2183 cle·

104 2223 273 2290 mantiam
289 2223 436 2292 suadere
450 2222 604 2291 voluisse
618 2224 639 2292 ¹.
659 2222 748 2292 Cum
766 2222 1009 2314 episcoporum
1025 2221 1223 2304 concilium,

104 2339 143 2397 ut
166 2329 281 2398 edicta
306 2331 559 2421 mitigarentur,
587 2330 753 2399 advocare
781 2329 1018 2397 Maximiliano
1045 2328 1081 2395 in
1108 2329 1225 2396 animo

104 2443 204 2515 esset,
224 2422 419 2505 mirabatur
437 2436 657 2506 Morillonius
675 2437 851 2528 quomodo
873 2436 915 2504 ad
936 2436 972 2504 id
987 2458 1008 2504 a
1023 2435 1225 2505 marchione

102 2543 283 2636 Bergensi,
300 2544 451 2634 Orangio
468 2545 726 2636 Egmontioque
743 2544 913 2612 adductus
931 2553 1020 2612 esset
1034 2541 1057 2613 ³.
1075 2544 1119 2611 Et
1143 2565 1225 2611 cum

103 2671 266 2742 proceres
281 2650 435 2719 dicerent
448 2651 613 2744 praesules
629 2651 798 2742 quosdam
814 2675 833 2720 a
850 2674 885 2720 se
899 2650 982 2742 ipsis
996 2659 1098 2731 stare,
1109 2650 1228 2718 Moril-

104 2755 198 2826 lonio
212 2758 268 2826 his
282 2759 397 2827 verbis
411 2759 640 2827 Maximilieni
653 2781 782 2826 nomen
798 2781 984 2850 suggerere
992 2757 1224 2827 videbantur.

147 2866 196 2933 Re
221 2871 338 2935 autem
361 2888 443 2934 vera
463 2888 556 2935 nune
579 2889 642 2957 pro
667 2866 881 2958 proceribus,
903 2888 998 2934 nune
1019 2870 1144 2934 contra
1167 2888 1226 2933 eos

102 2971 363 3042 Maximilianus
385 2980 473 3042 stare
492 2972 685 3041 videbatur.
704 2972 756 3042 Ob
777 2995 882 3041 suum
901 2994 1011 3064 genus
1027 2971 1227 3064 proceribus

101 3080 320 3149 familiariter
337 3104 423 3148 usus
443 3086 514 3164 est;
547 3102 627 3148 eum
657 3086 774 3148 autem
802 3084 940 3147 tautum
967 3102 1028 3172 per
1053 3078 1179 3147 nothos
1206 3102 1226 3145 a

102 3186 236 3280 Glymis
249 3187 420 3281 originem
441 3187 597 3272 haberet,
615 3210 695 3256 eum
714 3209 873 3280 proceres
891 3209 962 3254 non
979 3186 1099 3277 magni
1114 3184 1225 3254 facie-

100 3293 196 3362 bant.
215 3297 380 3364 Attamen
398 3318 480 3363 cum
502 3295 552 3362 eis
568 3296 616 3363 ita
632 3294 903 3363 conversabatur
916 3299 956 3363 ut
976 3291 1166 3362 catholicos
1193 3298 1226 3360 et

100 3422 184 3470 suos
196 3401 357 3471 inimicos
373 3401 584 3471 offenderet:
601 3403 693 3492 quod
716 3400 936 3470 Morillonius
959 3399 995 3467 in
1012 3399 1135 3468 litteris
1154 3422 1226 3468 non

100 3508 600 3601 praetermittebatzluisseoum
609 3506 1225 3599 HernanoOrangium,marchionem

100 3616 327 3709 Bergonsem,
336 3617 559 3702 Montinium,
568 3614 1081 3685 vicecomitemGandavensem
1096 3615 1227 3683 archie-

101 3724 357 3817 piscopumque
379 3725 701 3794 cameracensema
723 3746 817 3791 nona
839 3723 1040 3791 horamane
1058 3720 1226 3815 usquead

100 3830 241 3900 tertiam
259 3832 384 3903 horam
406 3838 485 3924 post
504 3831 685 3901 meridiem
700 3830 722 3899 ⁴.
738 3830 836 3899 Tunc
855 3849 936 3899 sane
950 3851 1122 3922 proceres,
1140 3852 1225 3922 pro-

134 3996 157 4054 l.
176 4002 297 4069 concep.
312 4002 345 4055 tte
360 4001 509 4062 Granoetlc,
532 4001 564 4065 11,
578 4016 605 4066 p.
620 4001 675 4055 245.

133 4102 158 4151 9.
175 4100 243 4152 leid.
256 4100 276 4162 1,
290 4114 317 4166 p.
330 4100 446 4154 treats.

134 4202 158 4250 3.
177 4198 243 4251 teta.
259 4199 280 4261 1,
294 4213 322 4264 p.
340 4197 461 4254 202-203.

135 4302 161 4351 t.
179 4298 291 4364 Papim
304 4287 407 4359 anem,
422 4296 487 4359 vm,
502 4311 528 4363 p.
541 4295 596 4349 296.
