2958 5076
224 470 242 517 ⁹·
308 502 385 547 aare
408 499 553 545 rusticiu
575 500 773 545 namuurum
793 499 1050 545 rursncnssiouau
1174 485 1229 555 121

112 645 225 716 velim
242 653 264 717 ¹.
283 670 302 713 ›
330 642 469 714 Etenim
485 643 668 736 Hopperus
683 641 843 712 libellum
864 643 938 733 regi
953 643 1060 722 misit,
1080 649 1120 712 ut
1133 646 1235 713 venia

111 754 288 846 generalis
305 750 563 834 concederetur,
588 756 620 819 et
644 750 841 819 civitatibus
865 751 986 819 litterae
1001 750 1233 821 scriberentur

112 861 245 954 quibus
275 860 410 929 civium
429 858 537 926 animi
567 864 806 926 recrearentur
821 865 843 927 ¹.
878 856 1077 927 Clementiae
1118 865 1234 928 autem

113 968 362 1037 obnitebantur
388 965 573 1057 Vergasius
600 963 728 1057 aliique
753 965 813 1058 qui
836 965 1077 1034 criminalibus
1093 964 1235 1057 judiciis

112 1082 286 1169 praeerant
300 1081 322 1145 ⁸.
892 1083 897 1089 ’

161 1184 257 1252 Intra
271 1182 421 1273 priorem
433 1182 516 1250 anni
532 1183 619 1251 1568
633 1184 767 1273 partem
781 1180 925 1271 privatis
936 1180 1059 1263 veniis,
1070 1186 1236 1272 tanquam

116 1290 230 1383 gradu
245 1290 287 1358 ad
301 1289 501 1382 generalem
514 1288 653 1357 veniam
667 1287 709 1356 ab
724 1287 860 1358 Albano
870 1288 928 1356 via
937 1288 1027 1356 facta
1040 1288 1234 1357 videbatur.

115 1397 176 1466 Sic
191 1396 356 1467 Claudius
370 1396 527 1476 Belinus,
545 1396 604 1488 qui
620 1417 639 1464 a
654 1395 849 1463 Turbarum
865 1395 1012 1463 coneilio
1026 1402 1109 1474 erat,
1128 1395 1237 1464 Gran·

115 1503 296 1573 vellanum
317 1503 463 1573 docebat
488 1502 612 1570 ducem
639 1502 815 1570 Albanum
835 1523 945 1595 nuper
969 1502 1172 1594 praedixisse
1186 1526 1234 1588 se,

115 1611 203 1679 dum
218 1611 320 1679 venia
335 1610 505 1702 generalis
520 1609 631 1679 edicta
651 1611 739 1678 foret
760 1632 780 1677 a
801 1632 893 1701 rege,
911 1609 1083 1701 supplices
1098 1610 1237 1679 interim

116 1718 255 1787 libellos
271 1739 392 1786 eorum
408 1716 467 1809 qui
495 1717 626 1786 crimen
653 1715 793 1808 aliquod
820 1716 863 1785 ob
888 1721 1042 1786 recentes
1065 1719 1237 1786 tumultus

117 1832 180 1894 aut
193 1822 512 1918 poenam'timerent
527 1834 764 1915 excepturum,
783 1821 1143 1918 postulationibusque
1155 1848 1236 1895 con·

118 1955 313 2015 cessurum,
330 1932 398 2000 nisi
413 1934 503 1999 foret
516 1931 655 2024 gravior
672 1953 726 1998 res
743 1932 765 1999 ⁴.

165 2040 285 2110 Gratia
299 2045 415 2108 autem
428 2038 608 2107 nonnullis
629 2045 764 2106 tantum
786 2061 949 2108 concessa
972 2038 1111 2108 videtur
1129 2040 1240 2109 Alba-

117 2171 186 2219 nus
201 2147 325 2216 falsam
340 2146 454 2238 Belgis
468 2169 564 2238 spem
585 2145 666 2214 dare
684 2144 849 2215 voluisse.
862 2146 1092 2231 Morillonius‚
1110 2147 1169 2239 qui
1185 2148 1240 2216 bis

115 2255 219 2349 junio
234 2276 352 2324 mense
370 2257 456 2323 1668
476 2253 708 2322 Granvcllano
731 2254 918 2344 scripserat
932 2254 1070 2323 veniam
1094 2277 1241 2347 gencra-

117 2363 190 2432 lem
230 2386 249 2429 (
279 2366 371 2430 certo
400 2360 504 2430 modo
539 2384 558 2427 ›
589 2360 763 2429 Albanum
793 2383 875 2428 mox
896 2361 1236 2453 promulgaturum,

118 2471 270 2562 augusto
285 2491 405 2536 mense
423 2467 537 2537 eidem
550 2467 724 2536 nuntiavit
738 2466 872 2535 nullam
884 2468 957 2559 J'am
970 2469 1082 2538 veniae
1098 2470 1242 2553 mentio·

118 2600 202 2646 nem
218 2598 294 2645 esse
309 2580 342 2644 et
356 2575 400 2643 ob
416 2576 505 2643 hanc
521 2597 660 2644 causam
683 2576 881 2667 complures
895 2574 937 2644 ab
953 2577 1050 2644 omni
1075 2599 1135 2669 spe
1150 2577 1243 2646 dere·

120 2684 225 2753 lictos
239 2687 269 2759 ⁸;
285 2682 475 2750 nonnullos
488 2682 593 2766 enim,
605 2704 677 2749 non
692 2682 766 2750 sine
778 2681 869 2774 jure,
886 2683 1094 2753 contendere
1105 2684 1246 2754 veniam

120 2791 266 2862 dilatam
294 2812 369 2858 esse
392 2794 532 2882 propter
560 2788 696 2858 cladem
722 2789 764 2858 ab
798 2790 1026 2883 Arembergio
1051 2798 1242 2884 acceptam,

121 2923 141 2967 c
160 2922 205 2968 ne
219 2896 395 2967 videretur
410 2897 479 2965 dux
498 2896 655 2965 Albanus
676 2903 849 2966 coactus»
870 2899 906 2974 ⁷3
937 2921 1117 2990 nunquam
1138 2899 1245 2967 Alba·

122 3029 210 3079 num
226 3005 365 3075 veniam
380 3027 626 3073 concessurum
641 3026 728 3082 esse,
747 3004 830 3072 dum
846 3005 1000 3073 seditiosi
1009 3006 1045 3073 in
1061 3007 1166 3074 armis
1177 3013 1243 3073 sta·

122 3120 212 3194 rent,
229 3136 273 3182 ue
286 3134 322 3180 se
337 3110 560 3202 praedicarent
573 3110 669 3179 illius
684 3112 794 3181 venie
806 3106 964 3183 auctores
976 3112 1084 3181 tuisse
1094 3119 1127 3181 et
1137 3112 1241 3181 Alba·

118 3210 210 3291 num
225 3220 379 3311 coegisse
394 3228 417 3286 ⁸.

168 3329 255 3412 Quae
268 3327 357 3396 ratio
372 3324 464 3418 apud
480 3325 619 3406 multos,
640 3326 691 3395 vel
709 3326 1070 3411 catholicos,mi11ime
1093 3327 1239 3410 valebat,

125 3437 185 3531 qui
201 3433 471 3526 indignabantur
485 3438 663 3503 cernentes
686 3438 739 3503 tot
763 3440 797 3503 ct
818 3440 911 3504 tanta
933 3434 1060 3504 damna
1083 3457 1101 3504 a
1126 3435 1242 3504 saevis-

156 3650 180 3702 1.
198 3648 312 3700 Horror
327 3660 378 3698 vau
390 3646 594 3710 Parmonrcnr,
612 3660 638 3710 p.
651 3645 706 3698 166.

156 3748 183 3800 2.
201 3748 323 3811 correp.
336 3745 368 3797 de
382 3744 506 3811 Philippo
519 3745 553 3807 11,
569 3744 635 3809 1.-11,
650 3759 676 3808 p.
691 3744 731 3795 31.

156 3846 182 3898 8.
200 3848 313 3899 Horace
323 3858 376 3894 aaa
390 3843 594 3904 Paraaoarcnr,
608 3843 736 3894 Analecta
750 3843 866 3908 Belgica,
881 3844 910 3907 p.
926 3843 981 3895 478.

157 3945 181 3995 1.
200 3944 321 4008 Correrp.
343 3942 377 3994 da
396 3941 545 4006 Granvelle,
566 3941 610 4005 111,
630 3956 655 4006 p.
675 3941 731 3993 257.
749 3968 779 3978 -
799 3941 837 3994 Gt.
854 3940 897 4003 Ill,
912 3956 937 4005 p.
953 3940 1060 3994 316-311
1076 3945 1102 3994 et
1125 3943 1200 3996 Com.
1216 3946 1249 3995 dc

126 4024 251 4090 Platllppe
263 4025 296 4085 11,
312 4027 330 4074 t.
346 4022 378 4086 11,
394 4037 419 4087 p.
435 4020 491 4075 665.

155 4124 180 4175 5.
198 4124 320 4186 concep.
330 4120 363 4171 de
379 4120 527 4183 Graaaelta
539 4120 584 4183 ΙΙΙ,
599 4135 626 4185 p.
641 4118 687 4171 261
702 4122 728 4171 et
738 4119 795 4174 286.

155 4222 181 4275 6.
198 4220 266 4273 [tid.
283 4219 332 4284 111,
352 4234 377 4283 p.
393 4218 448 4271 331.

154 4319 180 4373 t.
196 4317 265 4371 1116.
279 4317 325 4379 111,
339 4331 366 4382 p.
383 4316 439 4369 296.

155 4418 180 4471 8.
198 4417 266 4471 aaa,
281 4417 326 4479 Ill,
340 4432 366 4481 p.
380 4415 428 4467 339
442 4417 468 4466 ct
481 4414 539 4467 162.
