2968 5072
538 1144 793 1222 CONCLUSIO

153 1496 432 1567 lnMaximiliani
445 1499 606 1594 sepulcro
619 1499 695 1579 haec
711 1507 809 1571 erant
821 1503 926 1573 verba
950 1523 959 1572 ε

543 1702 792 1779 D.0.M.S.

155 1937 393 2009 Maximiliano
408 1962 429 2008 a
443 1940 576 2031 Bergis
590 1941 703 2032 primo
718 1941 1001 2037 Archiepiscopo‚
1012 1943 1098 2010 Duci
1111 1941 1231 2012 Came·

111 2046 261 2126 recensi,
279 2044 403 2116 Comiti
431 2046 671 2128 Cameracssii,
688 2047 784 2117 Sacri
810 2048 954 2141 Imperii
977 2049 1144 2140 Principi,
1170 2047 1230 2138 qui

111 2173 204 2220 anno
233 2152 396 2224 MDLXV
426 2153 559 2247 synodo
589 2154 795 2246 provinciali
824 2155 955 2239 habita,
982 2156 1130 2226 Consilii
1158 2155 1230 2224 Tri·

111 2257 245 2327 dentini
276 2260 414 2331 decreta
441 2262 574 2354 primus
603 2263 640 2331 in
665 2263 787 2353 Belgio
812 2263 1059 2357 promulgavit,
1093 2262 1173 2331 dein
1211 2283 1231 2331 a

112 2365 269 2435 Comitiis
284 2367 425 2462 Imperii
455 2370 622 2460 Auguste
646 2368 912 2439 vindelicorum
941 2392 1115 2453 reversus,
1145 2368 1229 2438 alte·

109 2494 186 2542 ram
201 2474 373 2566 synodum
384 2475 616 2547 dioecesanam
630 2476 765 2560 habuit,
775 2477 879 2546 fidem
887 2477 1097 2547 catholicam
1111 2475 1230 2545 adver·

112 2603 172 2652 sus
184 2585 364 2651 nascentes
380 2582 530 2651 haereses
549 2606 619 2651 non
634 2585 752 2652 minus
780 2584 929 2653 feliciter
960 2607 1064 2675 quam
1093 2589 1231 2655 strenue

113 2695 248 2762 tutatus
262 2695 324 2768 est,
343 2689 587 2759 seditiosorum
603 2691 787 2760 hominum
802 2691 966 2770 motibus
985 2714 1124 2761 summa
1141 2715 1231 2784 pru-

4 2864 6 2871 .
110 2797 229 2868 dentia
244 2797 280 2863 in
292 2797 415 2866 limine
429 2799 647 2889 compressis.
665 2798 822 2868 Tandem
835 2821 916 2867 cum
929 2823 971 2869 ex
984 2798 1112 2867 celebri
1124 2798 1232 2868 eomi-

4 2974 5 2977 ,
93 2898 185 2974 'tatu
194 2905 306 2972 Annae
320 2904 510 2973 Austriacae
523 2904 679 2997 Philippi
691 2905 722 2972 ll
736 2907 865 2974 futurre
880 2905 1095 2996 conjugis‚in
1104 2906 1229 2997 Hispa-

108 3013 206 3082 niam
221 3010 483 3103 proficiscentis,
492 3013 566 3103 ipse
580 3011 702 3102 Bergis
718 3011 761 3080 ad
775 3012 918 3081 Zomam
927 3012 1136 3092 secessisset,
1148 3034 1229 3104 apo-

108 3118 225 3212 plexia
245 3125 424 3210 correptus
439 3119 489 3189 lV
508 3117 683 3187 Kalendas
706 3117 918 3210 Septembris
941 3120 1043 3187 Anno
1067 3118 1229 3189 MDLXX

109 3225 408 3317 archiepicopatus
437 3225 490 3293 sui
519 3224 604 3294 XIV
636 3225 751 3294 subito
794 3224 966 3309 occubuit,
1010 3225 1120 3294 relato
1155 3226 1225 3294 huo

110 3332 267 3402 defuncti
279 3354 437 3426 corpore.

153 3438 353 3511 Ludovious
368 3439 410 3508 de
426 3438 652 3531 Berlaymont
663 3443 741 3531 ejus
752 3462 932 3511 successor
947 3441 984 3509 F.
999 3439 1036 3507 C.

153 3547 204 3615 Tu
220 3546 359 3626 enimse,
376 3570 397 3614 o
415 3546 533 3626 lector,
543 3546 632 3615 bene
644 3569 786 3639 precare
798 3545 820 3614 ⁶.

154 3777 220 3847 llla
241 3783 359 3848 autem
375 3779 555 3870 inscriptio
578 3802 687 3871 pauca
705 3784 842 3848 tantum
858 3779 899 3848 de
915 3779 1144 3849 Maximiliani
1159 3778 1230 3847 vita

110 3886 227 3955 refert.
253 3884 321 3966 Qui
345 3885 463 3970 luerit,
496 3886 581 3978 quid
608 3885 718 3977 egerit
746 3907 818 3955 non
842 3884 986 3956 omnino
1025 3885 1226 3956 denuntiat:

109 3990 206 4061 illam
227 3996 329 4075 certe,
353 4015 429 4083 quae
454 3990 557 4062 nobis
577 3993 750 4085 precipue
770 4014 851 4061 eum
872 3993 1141 4074 commendavit,
1157 3992 1230 4059 vir-

107 4105 218 4168 tutem
234 4099 479 4191 praetermittit.
501 4099 644 4169 Etenim
658 4123 730 4170 non
758 4099 864 4169 modo
892 4098 996 4168 iidem
1018 4099 1228 4169 catholicam

107 4205 272 4277 adversus
285 4211 466 4277 nascentes
480 4207 631 4277 haereses
643 4206 791 4277 feliciter
803 4229 843 4278 ao
859 4211 999 4278 strenue
1013 4212 1148 4276 tutatus
1163 4211 1226 4289 est,

138 4425 162 4476 l.
179 4426 247 4477 lan.
260 4423 398 4484 Rnrssrus,
414 4423 486 4489 Belo.
502 4423 602 4474 Christ.
618 4436 645 4488 p.
674 4422 773 4473 84185.
