2968 5072
349 470 388 514 nr
409 469 608 513 ulxunmluo
630 468 805 513 occurerre:
828 469 961 516 suasore
1154 456 1212 516 147

92 611 201 694 vitur,
220 633 342 680 eorum
360 600 595 703 patrocinium
610 613 769 704 suscipit.
787 612 926 680 Etenim
939 634 1020 681 cum
1030 613 1119 681 nihil
1127 615 1214 683 anti-

92 718 200 809 quius
228 719 355 787 habeat
383 742 488 811 quam
519 718 705 788 ecclesiam
736 719 943 788 catholicam
975 721 1115 805 servari,
1147 722 1214 813 ipsi

92 824 308 912 Morillonio,
337 849 536 918 quanquam
567 826 706 908 infesto,
741 826 923 894 haereticos
952 826 1089 895 nobiles
1116 831 1217 921 quasi

93 933 247 1006 indicat:
266 930 321 1000 illi
335 935 429 1001 enim
444 935 599 1001 narravit
613 933 750 1002 nobiles
765 935 803 1000 in
816 934 953 1001 Artesia
967 934 1008 1002 ab
1027 935 1213 1026 Egmoutio

92 1044 211 1132 petere
227 1062 300 1107 non
312 1039 539 1118 dubitavisse,
556 1045 597 1108 ut
613 1040 876 1133 praedicatioues
893 1041 1019 1109 habere
1040 1042 1107 1109 sibi
1127 1042 1217 1112 lice-

92 1152 167 1228 ret;
184 1169 219 1215 se
233 1157 349 1216 autem
360 1148 483 1216 timere
498 1169 542 1215 ne
558 1171 639 1216 cum
653 1147 826 1215 Flandriae
847 1153 880 1216 et
897 1147 1023 1217 Galliae
1043 1147 1216 1217 haereticis

94 1255 299 1347 conspirent
330 1259 364 1322 ot
388 1254 425 1322 in
455 1255 585 1347 nuptiis
619 1254 780 1322 Antoniae
815 1254 997 1323 celebratis
1031 1254 1216 1325 duodecim

96 1359 237 1430 nobiles
252 1361 393 1445 vidisse,
410 1362 470 1453 qui
486 1360 776 1454 gratulationibus
789 1367 823 1430 et
836 1361 1011 1430 inusitatis
1026 1363 1136 1454 signis
1151 1363 1217 1455 ipsi

95 1468 133 1536 in
152 1468 390 1560 suspicionem
403 1467 630 1538 cecidissent.
648 1468 769 1536 Eidem
786 1468 922 1536 rettulit
937 1492 1005 1560 qua
1024 1469 1059 1536 vi
1078 1492 1216 1537 monas-

97 1575 227 1642 terium
251 1575 527 1645 Camberonense
553 1576 731 1666 Egmontii
751 1575 897 1666 signifer
911 1576 1136 1658 vastavisset3
1158 1575 1218 1645 sed

97 1682 268 1772 quaerenti
284 1682 459 1773 quomodo
477 1682 612 1750 domini
626 1683 685 1774 qui
696 1681 951 1774 rempublicam
973 1689 1134 1774 gererent
1153 1683 1220 1753 ista

97 1786 300 1873 tolerarent,
337 1790 517 1881 respondit
556 1811 637 1857 eum
673 1789 866 1879 intelligere
903 1812 975 1857 non
1005 1813 1106 1882 posse
1134 1789 1220 1884 quid

96 1901 325 1974 tumesceret3
354 1898 482 1965 frustra
518 1895 739 1965 Morillonius
774 1895 877 1988 plura
914 1897 1108 1966 sciscitatus
1146 1904 1216 1982 est3

98 2003 359 2072 Maximiliauus
374 2026 570 2073 sermonem
583 2003 652 2071 alio
665 2002 869 2072 transtulit.

143 2110 283 2179 Etenim
315 2110 574 2179 Maximilianus
610 2110 652 2178 de
688 2111 862 2179 haereticis
887 2111 1090 2203 proceribus
1117 2113 1220 2204 plura

98 2216 298 2286 Morillonio
339 2218 450 2287 dicere
493 2239 565 2287 non
603 2217 689 2300 vult,
719 2218 847 2309 quippe
881 2241 985 2310 quem
1015 2241 1087 2287 non
1120 2219 1219 2309 igno·

98 2330 150 2393 ret
162 2323 331 2393 saevitiam
355 2325 515 2418 probare.
538 2325 720 2394 Libentius
748 2324 781 2391 ei
812 2324 953 2416 exponit
980 2324 1129 2404 nobiles,
1156 2327 1217 2419 qui

98 2430 211 2500 edicta
223 2432 373 2523 mitigari
388 2431 511 2515 velint,
525 2453 567 2501 ea
579 2436 716 2500 tantum
731 2453 871 2500 censere
886 2431 986 2525 quasi
1003 2430 1073 2500 alio
1088 2433 1219 2503 vestitu

98 2539 286 2622 induenda,
301 2550 341 2608 ut
356 2563 415 2609 eos
430 2540 489 2632 qui
508 2563 580 2608 non
592 2539 762 2609 catholice
772 2563 808 2609 se
823 2548 944 2632 gerant
959 2563 1030 2609 non
1051 2546 1218 2635 tanquam

98 2647 295 2725 haereticos,
317 2647 377 2715 sed
398 2652 564 2740 tanquam
584 2648 766 2716 seditiosos
786 2653 819 2715 et
841 2654 1063 2717 contumaces
1084 2649 1218 2740 judiees

98 2753 351 2847 perduellionis
361 2755 542 2846 judicent.
559 2756 627 2823 llos
645 2755 751 2845 igitur
772 2774 852 2823 vere
875 2754 1067 2825 catholicos
1086 2755 1221 2825 descri-

100 2861 151 2930 bit
164 2860 425 2930 Meximilianus
439 2863 498 2954 qui
513 2848 626 2953 reipsa
646 2884 726 2929 cum
746 2862 839 2952 Rege
856 2867 894 2930 ut
914 2861 1077 2931 haeresim
1098 2865 1221 2932 exstir-

97 2975 193 3060 pent,
216 2991 287 3037 non
307 2967 429 3038 eodem
452 2969 557 3037 modo
582 2968 642 3036 sed
665 2968 809 3037 tortasse
838 2969 995 3055 certiore,
1026 2969 1217 3040 elaborent.

97 3077 226 3144 Nonne
242 3078 359 3144 autem
372 3075 635 3144 Maximilianus
655 3075 837 3144 mendacio
858 3076 925 3145 sibi
950 3076 1218 3145 blandiebatur?

97 3181 166 3251 Sed
176 3183 323 3251 tortasse
337 3205 410 3251 non
433 3182 588 3250 sincerus
611 3181 680 3250 fuit
698 3188 732 3250 et
752 3188 889 3251 tantum
912 3205 975 3275 pro
1001 3183 1215 3275 proceribus,

98 3311 171 3358 non
191 3289 356 3380 ignorans
372 3288 457 3381 quid
475 3287 529 3356 illi
554 3289 733 3372 sentirent,
762 3311 902 3357 causam
924 3289 1071 3359 dicebat.
1102 3292 1219 3361 Moril·

100 3395 218 3465 lenius
233 3402 349 3466 antem
363 3395 582 3488 intelligebat
596 3419 666 3487 quo
681 3395 756 3464 baec
766 3397 1055 3488 spectaretoratio
1064 3403 1098 3467 et
1107 3399 1218 3492 hugo-

98 3508 203 3573 notos
243 3525 279 3572 se
317 3502 509 3573 catholicos
553 3502 677 3580 dicere,
716 3502 977 3592 magistratibus
1009 3505 1218 3600 regibusque

97 3609 294 3703 parendum
306 3610 460 3704 profiteri
477 3614 511 3678 et
528 3609 699 3678 submisse
716 3609 827 3701 loqui,
845 3609 955 3678 donec
974 3617 1089 3681 essent
1103 3614 1220 3682 valen-

97 3718 233 3786 tiores&

142 3824 213 3893 Sed
227 3823 490 3893 Maximilianus
514 3845 534 3891 a
554 3823 733 3892 nobilibus
760 3822 902 3892 omuino
930 3824 1074 3894 dissidet
1099 3833 1219 3896 contra

98 3932 233 4022 Regem
261 3932 296 3999 vi
325 3930 596 4000 rebellantibus:
621 3954 700 3998 nem
718 3954 854 4021 semper
874 3930 910 3999 in
940 3933 1044 4024 Regis
1072 3935 1218 4027 ejusque

129 4118 153 4168 l.
172 4117 282 4183 Paptrrr
295 4107 397 4179 utrae,
415 4117 460 4179 lx,
476 4132 500 4181 p.
513 4116 569 4168 652.
653 4126 657 4133 ·

129 4206 154 4258 2.
173 4207 240 4258 idid.
255 4206 300 4266 1x.
315 4221 343 4271 p.
357 4205 414 4258 653.

129 4296 155 4346 e.
173 4296 241 4348 rere.
257 4295 298 4357 rr,
312 4310 338 4360 p.
357 4294 413 4347 oea.

128 4385 155 4437 4.
171 4384 239 4436 [tid.
