2958 5076
459 400 576 451 nanus
598 398 713 447 rama
734 396 947 448 cusrorrsmrs
1218 387 1256 446 73

135 553 215 616 rent
228 557 251 617 ¹.
267 546 462 639 Hugonotis
476 546 570 614 enim
588 567 669 614 cum
686 544 848 614 Gheusiis
869 544 978 614 libere
999 546 1256 615 communicare

134 662 220 724 tuno
236 654 336 723 licuit
350 659 386 722 et
402 653 458 723 die
473 655 515 723 27
530 653 661 721 mensis
675 651 795 744 aprilis
816 653 853 719 in
877 652 1008 744 synodo
1032 653 1075 721 ad
1098 653 1258 721 Firmite-

135 768 208 830 tem
231 760 407 852 Auculphi
428 759 559 844 habita,
585 781 653 850 quo
672 781 733 827 sex
757 765 792 826 et
813 757 1042 851 quadraginta
1061 766 1218 852 pastores
1239 785 1258 829 e

136 869 338 962 Campania,
358 867 528 951 Picardia‚
556 866 637 935 Bria
661 871 696 934 et
716 866 849 936 Vexino
874 872 1126 949 convenerunt,
1150 868 1259 936 Theo-

136 977 214 1045 dori
228 976 326 1044 Bezae
349 975 501 1043 recitatis
522 973 660 1052 litteris,
692 973 820 1063 quibus
842 994 901 1041 eos
925 972 1130 1041 hortabatur
1153 979 1193 1043 ut
1217 974 1259 1042 de

135 1082 288 1174 Belgicis
301 1082 405 1151 rebus
418 1081 705 1150 deliberationem
719 1079 900 1157 haberent,
917 1079 1034 1149 locum
1048 1104 1122 1150 esse
1142 1081 1260 1174 Belgis

135 1189 327 1260 rebellandi
347 1190 476 1281 majori
494 1188 583 1279 parti
614 1187 730 1254 visum
756 1191 826 1254 est:
852 1186 894 1254 de
925 1186 1182 1272 Caulaiaeourt,
1198 1190 1258 1280 qui

137 1297 379 1389 Quintinopoli
395 1300 553 1387 praeerat,
570 1292 667 1362 mille
683 1294 816 1384 equites
838 1292 1015 1386 pollicitus
1028 1300 1079 1364 est
1095 1301 1130 1365 et
1149 1296 1260 1387 hugo·

135 1405 223 1483 noti,
238 1428 299 1498 per
318 1405 470 1496 speciem
485 1401 753 1495 praedicationis,
776 1401 875 1469 mille
897 1400 985 1470 alios
1000 1402 1093 1471 circa
1113 1403 1262 1494 Crispia-

137 1535 218 1582 eum
233 1512 269 1579 in
285 1510 423 1581 Velesia
431 1508 642 1579 contrectari
664 1514 760 1577 erant
777 1516 800 1576 ¹.
826 1509 904 1601 Ipsa
918 1515 1035 1578 autem
1060 1511 1257 1593 catharina,

137 1640 339 1715 quanquam
358 1618 510 1710 Orongio
533 1617 648 1685 amica
669 1622 755 1702 erat,
782 1641 865 1686 mox
889 1617 1009 1686 timuit
1026 1640 1071 1686 nc
1092 1618 1260 1710 hugonot‘

136 1749 209 1795 noa
223 1725 385 1817 Belgium
397 1730 547 1805 tantum,
564 1723 624 1793 sed
647 1728 682 1791 et
705 1723 856 1793 Galliam
876 1725 913 1792 in
935 1724 1123 1794 discrimen
1146 1725 1263 1794 addu-

75 1904 78 1909 ,
136 1840 255 1903 cerent
290 1839 315 1913 t,
332 1837 373 1900 ut
385 1832 433 1901 ait
450 1829 714 1913 Granvellanus,
732 1833 876 1924 agnovit
886 1833 991 1924 Regis
1005 1833 1258 1911 auctoritatem,

137 1964 218 2011 cum
238 1939 408 2008 catholica
428 1939 552 2032 religio
577 1937 844 2031 periclitaretur,
869 1940 1004 2007 restitui
1028 1962 1101 2008 noa
1116 1962 1217 2031 posse
1231 1939 1252 2008 ³.

136 2049 257 2141 Itaque
295 2047 572 2115 calvinianorum
604 2046 756 2137 impetus
789 2047 826 2113 in
855 2046 976 2116 Galliae
1004 2046 1133 2115 finibus
1161 2049 1259 2138 quasi

137 2159 280 2248 repente
295 2154 422 2223 resedit
435 2151 457 2222 ⁸.

180 2263 262 2333 Mox
290 2266 419 2344 autem,
452 2282 533 2330 cum
560 2259 670 2328 Alava
706 2260 928 2351 Margaritam
959 2262 1153 2330 monuisset
1191 2284 1260 2351 quo

136 2370 266 2440 foedere
289 2368 460 2460 Orongins
486 2389 567 2437 eum
589 2367 849 2459 hugonotorum
878 2366 1024 2436 ducibus
1052 2366 1261 2459 conjunctus

136 2486 227 2547 esset
240 2476 264 2563 ⁸,
282 2499 360 2544 eam
373 2475 558 2567 Philippus
581 2474 739 2542 hortatus
764 2479 815 2543 est
833 2479 874 2542 ut
891 2473 970 2542 illos
990 2474 1200 2559 observaret,
1227 2482 1261 2543 ct

136 2584 261 2654 eodem
294 2588 449 2675 tempore
477 2581 737 2651 Maximilianus
760 2582 834 2673 ipse
860 2581 1095 2673 gubernatrici
1121 2582 1262 2650 tradidit

136 2714 217 2784 quaa
232 2690 389 2759 audierat
409 2688 451 2757 de
474 2688 734 2780 Mongomerio:
760 2710 871 2780 nuper
892 2687 1044 2782 amplius
1062 2689 1262 2780 quindecim

137 2799 262 2869 diebus
277 2818 358 2865 eum
372 2797 479 2865 tuisse
493 2795 530 2863 in
549 2794 726 2874 Flandria,
753 2795 815 2863 ubi
840 2818 895 2863 res
918 2818 989 2865 non
1008 2795 1117 2865 bonas
1139 2801 1261 2864 tracta·

136 2912 205 2983 rct;
238 2906 365 2974 ducem
394 2924 469 2970 esse
501 2901 673 2971 Flandriae
708 2902 982 2994 hugonotorum,
1014 2904 1073 2993 qui
1111 2902 1258 2985 Insulas,

136 3015 298 3083 Buacum
330 3009 623 3100 Valentianasque
657 3010 857 3078 omnimodo
891 3015 1078 3094 tentarent;
1114 3011 1258 3079 Tomaci

136 3125 256 3191 autem
271 3124 305 3186 et
323 3117 609 3187 Valentiaaarum
624 3115 704 3185 illos
717 3116 824 3186 fidem
845 3118 881 3185 in
904 3139 941 3186 se
954 3118 1185 3210 perspexisse;
1209 3122 1257 3199 et,

137 3234 178 3297 ut
207 3225 427 3320 propositum
461 3229 739 3316 assequerentur,
775 3224 1013 3317 duodeviginti
1045 3230 1106 3293 aut
1133 3224 1258 3316 viginti

138 3335 254 3404 millia
281 3332 466 3402 hominum
493 3331 530 3400 in
563 3330 727 3400 Flandria
753 3333 894 3412 habere,
927 3333 987 3424 qui
1021 3334 1258 3424 Mongomerio

138 3463 282 3535 operam
292 3439 484 3508 tributuros
499 3461 535 3507 se
547 3437 697 3532 polliciti
712 3449 827 3509 essent
841 3461 905 3509 nee
915 3440 947 3508 ei
963 3441 1148 3532 pecuniam
1163 3439 1222 3508 del
1245 3479 1259 3493 ·

137 3560 273 3621 turam:
292 3547 372 3617 illos
393 3552 522 3632 tamen,
545 3548 707 3616 Peronaa
728 3553 764 3616 et
785 3547 971 3616 Cameraco
993 3570 1066 3617 non
1080 3553 1259 3641 occupato,

138 3659 278 3751 quietos
292 3677 434 3724 manere
448 3652 471 3724 ⁶.

175 3830 200 3881 1.
215 3828 328 3892 Papiers
341 3814 442 3887 aaut,
457 3824 515 3887 vn,
526 3839 553 3888 p.
565 3824 613 3876 65⁴
627 3825 678 3889 (dle
689 3824 717 3876 ll
730 3837 814 3875 mena.
829 3824 903 3889 april.
918 3824 1001 3891 1564).

176 3927 202 3980 2.
214 3927 327 3978 Kanum
342 3939 376 3975 nc
391 3924 579 3984 humanaeve,
595 3923 648 3990 Op.
660 3923 717 3987 cit,
728 3921 750 3986 1,
759 3936 787 3988 p.
797 3919 855 3975 aot.

170 4026 195 4079 3.
210 4027 304 4078 Gaetu
319 4036 372 4075 van
386 4022 568 4085 Parnassum,
585 4020 634 4088 Op.
648 4021 706 4084 ou..
720 4019 742 4084 1,
755 4034 784 4086 p.
796 4019 856 4077 210.

172 4125 197 4176 4.
211 4109 432 4187 remeatur,
448 4120 505 4182 vn,
517 4134 544 4185 p.
558 4119 614 4171 aar.

174 4217 537 4273 characterismos
556 4219 582 4269 et
597 4217 673 4270 1502.

173 4320 198 4372 a
213 4319 340 4370 Archiam
351 4318 383 4368 de
397 4316 532 4381 Belgicae,
546 4316 656 4381 rapies
670 4300 763 4368 adrat
778 4318 803 4368 et
817 4316 850 4367 de
865 4316 1025 4380 t'Aadteacc.
1034 4314 1090 4379 m,
1103 4328 1130 4380 p.
1141 4316 1166 4369 2.
