2988 5078
266 474 494 522 cerratenswn
515 471 615 518 auton
635 472 781 518 HISTORIAE
803 469 1030 519 ADSGRIBENDUB
1173 459 1210 524 11

89 639 275 712 procerum
292 639 419 684 corona
433 622 562 709 septus,
578 617 638 707 qui
655 619 768 684 totum
783 615 885 707 Regis
900 616 1055 685 favorem
1065 640 1213 710 occupa«

89 735 231 805 verunt;
249 724 475 815 indignantur
489 724 604 816 Belgae
622 723 784 816 (acceptis
799 730 917 791 tamen
935 747 955 791 3
970 747 1051 816 rege
1066 726 1212 795 Provin-

91 834 225 902 ciarum
252 832 480 924 praefecturis)
497 854 533 899 se
557 821 574 899 <i
591 833 823 923 Hispanorum
836 832 978 900 umbras
993 833 1117 916 videri,
1135 857 1211 926 quae

90 940 172 1009 illos
188 941 399 1011 comitentur
422 945 453 1007 et
476 939 519 1008 ad
541 962 662 1008 eorum
685 945 810 1008 nutum
834 947 1081 1009 moveantur...
1105 942 1160 1009 An
1177 963 1225 1010 33·

91 1048 188 1118 domi
204 1072 287 1132 suae,
304 1046 383 1117 loco
398 1049 531 1117 moveri
544 1046 586 1116 ab
600 1048 763 1133 externis,
780 1052 920 1141 tamque
936 1048 1026 1116 infra
1040 1049 1212 1142 Hispanos

90 1157 225 1250 reponi,
241 1161 355 1252 spreta
369 1156 554 1247 Belgarum
568 1156 746 1247 dignitate,
762 1154 894 1225 laturos
908 1159 939 1223 ¹?
955 1181 973 1223 a

135 1263 1214 1358 Novisquatuordeeimepiscopisadpristinosquatuoradjuno-

90 1374 146 1457 tis,
162 1395 242 1443 cum
259 1372 378 1441 multis
394 1395 436 1441 ex
453 1371 547 1441 omni
571 1371 693 1440 ordine
716 1370 930 1454 hominibus
947 1377 1021 1440 tum
1038 1377 1070 1439 et
1084 1374 1214 1440 veteri-

89 1479 155 1548 bus
167 1481 336 1574 episcopis
347 1503 402 1548 res
419 1481 553 1571 ingrata
571 1481 649 1561 fuit,
669 1479 795 1573 quibus
808 1480 947 1548 termini
966 1480 1212 1550 contractiores

91 1592 124 1655 et
136 1587 353 1680 pontificales
366 1589 499 1657 fructus
513 1585 683 1656 tenuiores
700 1589 773 1679 jam
794 1588 947 1671 fuerunt,
972 1594 1005 1657 et
1019 1592 1212 1681 prasertim

90 1694 274 1765 abbatibus
289 1695 552 1789 monachisque,
568 1695 695 1786 quibus
719 1701 752 1764 et
767 1697 826 1788 jus
849 1700 1069 1789 potestasque
1085 1719 1127 1764 ex
1149 1719 1212 1764 suo

3 1804 4 1845 ³
89 1803 213 1872 ordine
229 1802 361 1873 abbatis
388 1803 537 1895 eligendi
560 1809 594 1871 et
616 1826 698 1895 opes
713 1804 813 1871 novis
827 1805 998 1896 episeopis
1021 1803 1211 1872 tribuendae

3 1950 4 1953 =
89 1919 217 2004 ereptae
231 1919 328 1986 sunt:
348 1910 553 1979 «adhibitos
572 1918 656 1980 tunc
674 1911 814 2004 quidem
835 1934 909 1979 esse
937 1911 979 1979 ad
1004 1934 1045 1980 33
1065 1933 1212 1979 munera

3 3458 5 3483 l

3 3488 4 3525 l

3 3536 5 3567 l

3 3650 5 3677 l

3 3734 5 3755 ι

88 2017 185 2085 viros
204 2016 361 2087 doctrina
373 2041 412 2086 ac
425 2019 497 2086 vita
515 2020 719 2109 conspicuos
734 2041 817 2087 mox
832 2019 1026 2087 ecomitatu
1043 2018 1212 2110 Principis
1255 2007 1258 2013 ’

90 2125 359 2195 assentatoribus
375 2127 582 2219 asseclisque
601 2133 673 2194 tam
696 2125 862 2220 opulenta
885 2126 1074 2195 sacerdotia
1087 2124 1178 2217 praed

91 2255 231 2302 cessura
245 2231 302 2300 ¹.»
1160 2245 1162 2248 ⁴

133 2340 299 2433 Episcopi
327 2346 444 2410 tamen
482 2341 532 2408 illi
570 2340 779 2434 abbatesque
807 2362 887 2408 cum
916 2341 1008 2432 Rege
1036 2340 1211 2432 Hispaniae

91 2446 255 2517 adversus
270 2449 451 2517 seditiosos
471 2450 721 2540 hereticosque
746 2454 1006 2517 consenserunt.
1033 2449 1213 2540 Praecipua

91 2555 273 2625 turbarum
288 2578 390 2624 causa
401 2556 543 2624 haeresis
558 2557 635 2639 fuit,
662 2579 768 2646 quam
781 2557 819 2623 in
834 2555 996 2647 belgium
1011 2557 1212 2624 invexerant

93 2668 125 2730 31
138 2662 230 2732 Galli
251 2663 481 2757 Germanique
505 2654 714 2733 mercatores
746 2667 779 2731 31
805 2662 967 2731 Germani
994 2664 1211 2758 Helvetiique

92 2771 232 2851 milites
251 2795 337 2863 quos
354 2770 588 2865 superioribus
606 2771 756 2840 inbellis
779 2777 899 2840 contra
925 2770 1043 2840 Gallos
1067 2772 1211 2841 Carolus

93 2879 206 2950 Cesar
221 2881 367 2972 ejusque
381 2881 473 2948 lilius
484 2879 804 2970 conscripserant«
824 2902 901 2958 nee,
919 2878 967 2948 ait
979 2878 1112 2961 strada,
1131 2880 1210 2970 plus

91 3009 261 3079 aquarum
274 3011 292 3056 3
306 2987 492 3057 Germania
510 2988 666 3071 RhenuS,
692 2987 787 3056 Mosa
811 3010 829 3056 e
850 2986 960 3057 Gallia
981 2987 1153 3058 vehebant
1172 2989 1209 3056 in

92 3094 265 3185 Belgium,
287 3118 393 3187 quam
413 3088 494 3165 inde
517 3095 720 3178 lutheranae,
750 3095 832 3164 hinc
859 3095 1062 3164 calvinianae
1089 3104 1209 3165 conta-

92 3202 204 3293 gionis
219 3202 257 3270 in
271 3202 410 3271 easdem
423 3202 609 3293 Belgarum
624 3204 820 3296 provincias
833 3201 938 3272 iidem
946 3226 1066 3271 amnes
1082 3204 1213 3295 impor-

92 3309 209 3380 tabant
220 3308 243 3379 ⁸.
261 3308 392 3378 »Adde
408 3316 442 3378 31
454 3309 588 3402 Anglos
609 3310 790 3380 haereticos
811 3310 883 3404 qui,
900 3310 1008 3379 Maria
1029 3315 1210 3402 regnante,

90 3416 124 3486 in
142 3416 367 3486 Germaniam
381 3417 582 3487 inferiorem
594 3418 693 3509 quasi
718 3418 831 3509 ejecti,
851 3439 958 3486 novas
984 3417 1032 3485 ibi
1053 3417 1209 3486 colonias

90 3531 293 3617 posuerunt,
325 3530 359 3594 et
384 3525 629 3618 Anabaptistas
656 3525 716 3618 qui
744 3549 762 3594 3
786 3524 1005 3618 Westphalia
1031 3525 1209 3618 Frisiaque

91 3632 294 3724 migrabant.
324 3632 393 3700 Diu
416 3633 606 3725 incorrupti
627 3632 744 3723 Belgae
773 3631 927 3726 plerique
949 3633 1111 3701 luerunt:
1130 3654 1210 3700 oum

90 3744 205 3807 autem
220 3744 254 3808 et
281 3746 402 3808 auctus
433 3745 484 3809 est
507 3742 749 3833 episcoporum
774 3761 940 3808 numerus
966 3745 999 3808 et
1026 3739 1207 3832 publicatae

90 3853 169 3915 sunt
183 3847 220 3917 in
233 3846 415 3917 haereticos
433 3849 576 3917 Gaesaris
591 3847 730 3930 tabulae,
745 3852 779 3916 et
791 3847 944 3939 impositi
968 3846 1064 3916 Fidei
1081 3846 1209 3928 0333-

91 3959 190 4035 tores,
209 3961 293 4023 tunc
307 3956 381 4024 haeo
396 3956 514 4024 omnia
541 3957 576 4023 in
604 3955 772 4025 libertatis
791 3955 981 4047 perniciem
1010 3956 1207 4047 conspirare

125 4207 147 4257 1.
164 4207 280 4267 Scaena,
292 4220 318 4269 p.
330 4203 419 4256 tt-rt.

126 4302 297 4367 zmpw

129 4400 299 4467 amam
