<?xml version="1.0" encoding="UTF-8"?>
<!DOCTYPE html PUBLIC "-//W3C//DTD XHTML 1.0 Transitional//EN"
    "http://www.w3.org/TR/xhtml1/DTD/xhtml1-transitional.dtd">
<html xmlns="http://www.w3.org/1999/xhtml" xml:lang="en" lang="en">
 <head>
  <title>
</title>
<meta http-equiv="Content-Type" content="text/html;charset=utf-8" />
  <meta name='ocr-system' content='tesseract 3.04.00' />
  <meta name='ocr-capabilities' content='ocr_page ocr_carea ocr_par ocr_line ocrx_word'/>
</head>
<body>
  <div class='ocr_page' id='page_1' title='image "./demaximilianoab00cardgoog_0066.png"; bbox 0 0 2988 5078; ppageno 0'>
   <div class='ocr_carea' id='block_1_1' title="bbox 280 397 1237 467">
    <p class='ocr_par' dir='ltr' id='par_1_1' title="bbox 280 397 1237 467">
     <span class='ocr_line' id='line_1_1' title="bbox 280 397 1237 467; baseline -0.014 -1"><span class='ocrx_word' id='word_1_1' title='bbox 280 416 422 467; x_wconf 67' lang='lat' dir='ltr'>QUOEODO</span> <span class='ocrx_word' id='word_1_2' title='bbox 443 418 483 462; x_wconf 78' lang='lat' dir='ltr'>Au</span> <span class='ocrx_word' id='word_1_3' title='bbox 504 414 803 462; x_wconf 71' lang='lat' dir='ltr'>ARCHIEPISCOPATUH</span> <span class='ocrx_word' id='word_1_4' title='bbox 826 414 1001 460; x_wconf 77' lang='lat' dir='ltr'>PROVEGTUS</span> <span class='ocrx_word' id='word_1_5' title='bbox 1023 413 1068 458; x_wconf 83' lang='lat' dir='ltr'>SIT</span> <span class='ocrx_word' id='word_1_6' title='bbox 1199 397 1237 454; x_wconf 68' lang='grc'>47</span> 
     </span>
    </p>
   </div>
   <div class='ocr_carea' id='block_1_2' title="bbox 118 556 1318 3660">
    <p class='ocr_par' dir='ltr' id='par_1_2' title="bbox 118 556 1241 759">
     <span class='ocr_line' id='line_1_2' title="bbox 118 556 1241 650; baseline -0.004 -25"><span class='ocrx_word' id='word_1_7' title='bbox 118 559 342 650; x_wconf 85' lang='lat' dir='ltr'>promulgare</span> <span class='ocrx_word' id='word_1_8' title='bbox 360 566 495 629; x_wconf 91' lang='lat' dir='ltr'>tantum</span> <span class='ocrx_word' id='word_1_9' title='bbox 511 561 605 629; x_wconf 80' lang='lat' dir='ltr'>salva</span> <span class='ocrx_word' id='word_1_10' title='bbox 618 558 867 650; x_wconf 87' lang='lat' dir='ltr'>archiepiscopi</span> <span class='ocrx_word' id='word_1_11' title='bbox 891 558 1070 625; x_wconf 86' lang='lat' dir='ltr'>Remensis</span> <span class='ocrx_word' id='word_1_12' title='bbox 1086 556 1241 624; x_wconf 89' lang='lat' dir='ltr'>auctori-</span> 
     </span>
     <span class='ocr_line' id='line_1_3' title="bbox 118 662 1085 759; baseline 0.002 -28"><span class='ocrx_word' id='word_1_13' title='bbox 118 669 204 746; x_wconf 87' lang='lat' dir='ltr'>tate,</span> <span class='ocrx_word' id='word_1_14' title='bbox 222 689 327 759; x_wconf 89' lang='lat' dir='ltr'>quem</span> <span class='ocrx_word' id='word_1_15' title='bbox 343 668 601 759; x_wconf 84' lang='lat' dir='ltr'>metropolitam</span> <span class='ocrx_word' id='word_1_16' title='bbox 617 690 721 735; x_wconf 89' lang='lat' dir='ltr'>suum</span> <span class='ocrx_word' id='word_1_17' title='bbox 735 689 808 735; x_wconf 87' lang='lat' dir='ltr'>esse</span> <span class='ocrx_word' id='word_1_18' title='bbox 828 665 1050 757; x_wconf 87' lang='lat' dir='ltr'>profiteretur</span> <span class='ocrx_word' id='word_1_19' title='bbox 1064 662 1085 733; x_wconf 84' lang='lat'>⁴.</span> 
     </span>
    </p>

    <p class='ocr_par' dir='ltr' id='par_1_3' title="bbox 121 772 1318 3009">
     <span class='ocr_line' id='line_1_4' title="bbox 162 772 1238 862; baseline -0.001 -22"><span class='ocrx_word' id='word_1_20' title='bbox 162 773 266 842; x_wconf 87' lang='lat' dir='ltr'>Anno</span> <span class='ocrx_word' id='word_1_21' title='bbox 284 781 421 843; x_wconf 85' lang='lat' dir='ltr'>tantum</span> <span class='ocrx_word' id='word_1_22' title='bbox 454 778 539 844; x_wconf 70' lang='lat'>1564</span> <span class='ocrx_word' id='word_1_23' title='bbox 567 774 713 842; x_wconf 83' lang='lat' dir='ltr'>Carolus</span> <span class='ocrx_word' id='word_1_24' title='bbox 743 772 927 840; x_wconf 88' lang='lat' dir='ltr'>cardinalis</span> <span class='ocrx_word' id='word_1_25' title='bbox 953 796 972 840; x_wconf 92' lang='lat' dir='ltr'>a</span> <span class='ocrx_word' id='word_1_26' title='bbox 996 772 1238 862; x_wconf 82' lang='lat' dir='ltr'>Lotharingia,</span> 
     </span>
     <span class='ocr_line' id='line_1_5' title="bbox 121 878 1241 974; baseline -0.001 -27"><span class='ocrx_word' id='word_1_27' title='bbox 121 879 314 948; x_wconf 81' lang='lat' dir='ltr'>Remorum</span> <span class='ocrx_word' id='word_1_28' title='bbox 342 882 636 974; x_wconf 85' lang='lat' dir='ltr'>archiepiscopus,</span> <span class='ocrx_word' id='word_1_29' title='bbox 672 881 790 971; x_wconf 89' lang='lat' dir='ltr'>palam</span> <span class='ocrx_word' id='word_1_30' title='bbox 816 878 1060 963; x_wconf 83' lang='lat' dir='ltr'>reclamitavit,</span> <span class='ocrx_word' id='word_1_31' title='bbox 1088 902 1168 947; x_wconf 90' lang='lat' dir='ltr'>cum</span> <span class='ocrx_word' id='word_1_32' title='bbox 1198 878 1241 946; x_wconf 88' lang='lat' dir='ltr'>ad</span> 
     </span>
     <span class='ocr_line' id='line_1_6' title="bbox 125 987 1243 1078; baseline -0.001 -24"><span class='ocrx_word' id='word_1_33' title='bbox 125 987 341 1078; x_wconf 82' lang='lat' dir='ltr'>provinciale</span> <span class='ocrx_word' id='word_1_34' title='bbox 370 989 560 1057; x_wconf 88' lang='lat' dir='ltr'>concilium</span> <span class='ocrx_word' id='word_1_35' title='bbox 587 988 758 1055; x_wconf 82' lang='lat' dir='ltr'>antistites</span> <span class='ocrx_word' id='word_1_36' title='bbox 787 987 1086 1073; x_wconf 84' lang='lat' dir='ltr'>Cameracensem,</span> <span class='ocrx_word' id='word_1_37' title='bbox 1115 988 1243 1054; x_wconf 90' lang='lat' dir='ltr'>Torna-</span> 
     </span>
     <span class='ocr_line' id='line_1_7' title="bbox 121 1092 1241 1185; baseline 0 -24"><span class='ocrx_word' id='word_1_38' title='bbox 121 1116 274 1174; x_wconf 89' lang='lat' dir='ltr'>censem‚</span> <span class='ocrx_word' id='word_1_39' title='bbox 308 1095 573 1164; x_wconf 86' lang='lat' dir='ltr'>Atrehaiensem</span> <span class='ocrx_word' id='word_1_40' title='bbox 607 1116 796 1185; x_wconf 88' lang='lat' dir='ltr'>earumque</span> <span class='ocrx_word' id='word_1_41' title='bbox 829 1092 1055 1161; x_wconf 87' lang='lat' dir='ltr'>ecclesiarum</span> <span class='ocrx_word' id='word_1_42' title='bbox 1088 1093 1241 1185; x_wconf 87' lang='lat' dir='ltr'>capitula</span> 
     </span>
     <span class='ocr_line' id='line_1_8' title="bbox 122 1199 1242 1292; baseline 0.001 -25"><span class='ocrx_word' id='word_1_43' title='bbox 122 1199 318 1270; x_wconf 88' lang='lat' dir='ltr'>advocavit.</span> <span class='ocrx_word' id='word_1_44' title='bbox 334 1202 439 1270; x_wconf 92' lang='lat' dir='ltr'>Nulla</span> <span class='ocrx_word' id='word_1_45' title='bbox 453 1203 520 1271; x_wconf 88' lang='lat' dir='ltr'>luit</span> <span class='ocrx_word' id='word_1_46' title='bbox 530 1201 707 1270; x_wconf 88' lang='lat' dir='ltr'>advocatis</span> <span class='ocrx_word' id='word_1_47' title='bbox 722 1201 894 1292; x_wconf 89' lang='lat' dir='ltr'>episcopis</span> <span class='ocrx_word' id='word_1_48' title='bbox 907 1200 1096 1275; x_wconf 87' lang='lat' dir='ltr'>dubitatio;</span> <span class='ocrx_word' id='word_1_49' title='bbox 1115 1202 1242 1268; x_wconf 86' lang='lat' dir='ltr'>Remos</span> 
     </span>
     <span class='ocr_line' id='line_1_9' title="bbox 122 1307 1240 1398; baseline 0 -24"><span class='ocrx_word' id='word_1_50' title='bbox 122 1308 173 1375; x_wconf 90' lang='lat' dir='ltr'>ire</span> <span class='ocrx_word' id='word_1_51' title='bbox 200 1309 402 1376; x_wconf 88' lang='lat' dir='ltr'>noluerunt.</span> <span class='ocrx_word' id='word_1_52' title='bbox 440 1309 701 1377; x_wconf 85' lang='lat' dir='ltr'>Maximilianus</span> <span class='ocrx_word' id='word_1_53' title='bbox 738 1308 929 1398; x_wconf 71' lang='lat' dir='ltr'>prasertim</span> <span class='ocrx_word' id='word_1_54' title='bbox 960 1329 1032 1374; x_wconf 90' lang='lat' dir='ltr'>non</span> <span class='ocrx_word' id='word_1_55' title='bbox 1056 1307 1240 1385; x_wconf 88' lang='lat' dir='ltr'>dubitavit,</span> 
     </span>
     <span class='ocr_line' id='line_1_10' title="bbox 123 1413 1244 1505; baseline 0.002 -24"><span class='ocrx_word' id='word_1_56' title='bbox 123 1421 254 1482; x_wconf 92' lang='lat' dir='ltr'>namet</span> <span class='ocrx_word' id='word_1_57' title='bbox 273 1414 314 1484; x_wconf 92' lang='lat' dir='ltr'>de</span> <span class='ocrx_word' id='word_1_58' title='bbox 330 1415 592 1483; x_wconf 85' lang='lat' dir='ltr'>Cameracensis</span> <span class='ocrx_word' id='word_1_59' title='bbox 608 1413 763 1483; x_wconf 71' lang='lat' dir='ltr'>ecclesiae</span> <span class='ocrx_word' id='word_1_60' title='bbox 787 1415 948 1482; x_wconf 89' lang='lat' dir='ltr'>libertate</span> <span class='ocrx_word' id='word_1_61' title='bbox 973 1422 1006 1482; x_wconf 91' lang='lat' dir='ltr'>et</span> <span class='ocrx_word' id='word_1_62' title='bbox 1028 1414 1070 1484; x_wconf 89' lang='lat' dir='ltr'>de</span> <span class='ocrx_word' id='word_1_63' title='bbox 1083 1414 1244 1505; x_wconf 86' lang='lat' dir='ltr'>jurisdic-</span> 
     </span>
     <span class='ocr_line' id='line_1_11' title="bbox 123 1521 1243 1613; baseline 0.001 -25"><span class='ocrx_word' id='word_1_64' title='bbox 123 1522 230 1605; x_wconf 85' lang='lat' dir='ltr'>tione,</span> <span class='ocrx_word' id='word_1_65' title='bbox 246 1544 353 1612; x_wconf 88' lang='lat' dir='ltr'>quam</span> <span class='ocrx_word' id='word_1_66' title='bbox 380 1523 416 1590; x_wconf 93' lang='lat' dir='ltr'>in</span> <span class='ocrx_word' id='word_1_67' title='bbox 441 1523 623 1613; x_wconf 85' lang='lat' dir='ltr'>episcopos</span> <span class='ocrx_word' id='word_1_68' title='bbox 646 1522 898 1589; x_wconf 87' lang='lat' dir='ltr'>Tornaeensem</span> <span class='ocrx_word' id='word_1_69' title='bbox 925 1526 959 1588; x_wconf 91' lang='lat' dir='ltr'>et</span> <span class='ocrx_word' id='word_1_70' title='bbox 980 1521 1243 1589; x_wconf 87' lang='lat' dir='ltr'>Atrebatensem</span> 
     </span>
     <span class='ocr_line' id='line_1_12' title="bbox 124 1627 1245 1721; baseline 0.003 -26"><span class='ocrx_word' id='word_1_71' title='bbox 124 1628 288 1711; x_wconf 87' lang='lat' dir='ltr'>habehat,</span> <span class='ocrx_word' id='word_1_72' title='bbox 309 1629 489 1721; x_wconf 84' lang='lat' dir='ltr'>agebatur.</span> <span class='ocrx_word' id='word_1_73' title='bbox 508 1631 675 1696; x_wconf 88' lang='lat' dir='ltr'>Attamen</span> <span class='ocrx_word' id='word_1_74' title='bbox 697 1627 738 1696; x_wconf 88' lang='lat' dir='ltr'>de</span> <span class='ocrx_word' id='word_1_75' title='bbox 761 1650 798 1695; x_wconf 86' lang='lat' dir='ltr'>re</span> <span class='ocrx_word' id='word_1_76' title='bbox 819 1628 1039 1719; x_wconf 81' lang='lat' dir='ltr'>Margaritam</span> <span class='ocrx_word' id='word_1_77' title='bbox 1062 1631 1245 1698; x_wconf 87' lang='lat' dir='ltr'>consulue-</span> 
     </span>
     <span class='ocr_line' id='line_1_13' title="bbox 123 1734 1245 1829; baseline 0.001 -26"><span class='ocrx_word' id='word_1_78' title='bbox 123 1741 207 1803; x_wconf 90' lang='lat' dir='ltr'>runt</span> <span class='ocrx_word' id='word_1_79' title='bbox 222 1759 300 1825; x_wconf 68' lang='lat' dir='ltr'>quae</span> <span class='ocrx_word' id='word_1_80' title='bbox 326 1737 505 1829; x_wconf 87' lang='lat' dir='ltr'>respondit</span> <span class='ocrx_word' id='word_1_81' title='bbox 537 1736 704 1803; x_wconf 83' lang='lat' dir='ltr'>cardinali</span> <span class='ocrx_word' id='word_1_82' title='bbox 728 1734 950 1803; x_wconf 88' lang='lat' dir='ltr'>scribendum</span> <span class='ocrx_word' id='word_1_83' title='bbox 977 1758 1059 1803; x_wconf 89' lang='lat' dir='ltr'>eum</span> <span class='ocrx_word' id='word_1_84' title='bbox 1085 1737 1245 1827; x_wconf 85' lang='lat' dir='ltr'>ignorare</span> 
     </span>
     <span class='ocr_line' id='line_1_14' title="bbox 124 1842 1244 1936; baseline 0.004 -27"><span class='ocrx_word' id='word_1_85' title='bbox 124 1865 196 1910; x_wconf 93' lang='lat' dir='ltr'>non</span> <span class='ocrx_word' id='word_1_86' title='bbox 210 1865 311 1934; x_wconf 90' lang='lat' dir='ltr'>posse</span> <span class='ocrx_word' id='word_1_87' title='bbox 325 1843 510 1912; x_wconf 88' lang='lat' dir='ltr'>ecclesiam</span> <span class='ocrx_word' id='word_1_88' title='bbox 529 1844 828 1926; x_wconf 69' lang='lat' dir='ltr'>dammucensem,</span> <span class='ocrx_word' id='word_1_89' title='bbox 846 1842 1043 1933; x_wconf 88' lang='lat' dir='ltr'>postulante</span> <span class='ocrx_word' id='word_1_90' title='bbox 1064 1845 1107 1913; x_wconf 93' lang='lat' dir='ltr'>ob</span> <span class='ocrx_word' id='word_1_91' title='bbox 1123 1868 1244 1936; x_wconf 85' lang='lat' dir='ltr'>graves</span> 
     </span>
     <span class='ocr_line' id='line_1_15' title="bbox 124 1953 1245 2046; baseline 0.004 -24"><span class='ocrx_word' id='word_1_92' title='bbox 124 1976 248 2023; x_wconf 85' lang='lat' dir='ltr'>causas</span> <span class='ocrx_word' id='word_1_93' title='bbox 271 1954 433 2046; x_wconf 92' lang='lat' dir='ltr'>Philippo</span> <span class='ocrx_word' id='word_1_94' title='bbox 458 1956 563 2046; x_wconf 84' lang='lat' dir='ltr'>Rege,</span> <span class='ocrx_word' id='word_1_95' title='bbox 593 1955 629 2022; x_wconf 92' lang='lat' dir='ltr'>in</span> <span class='ocrx_word' id='word_1_96' title='bbox 660 1953 966 2045; x_wconf 88' lang='lat' dir='ltr'>metropolitanam</span> <span class='ocrx_word' id='word_1_97' title='bbox 992 1960 1144 2023; x_wconf 87' lang='lat' dir='ltr'>erectam</span> <span class='ocrx_word' id='word_1_98' title='bbox 1171 1981 1245 2025; x_wconf 87' lang='lat' dir='ltr'>esse</span> 
     </span>
     <span class='ocr_line' id='line_1_16' title="bbox 125 2060 1246 2156; baseline 0.004 -27"><span class='ocrx_word' id='word_1_99' title='bbox 125 2064 272 2153; x_wconf 85' lang='lat' dir='ltr'>ejusque</span> <span class='ocrx_word' id='word_1_100' title='bbox 284 2060 518 2152; x_wconf 87' lang='lat' dir='ltr'>jurisdictioni</span> <span class='ocrx_word' id='word_1_101' title='bbox 534 2062 713 2151; x_wconf 85' lang='lat' dir='ltr'>episcopos</span> <span class='ocrx_word' id='word_1_102' title='bbox 728 2060 991 2129; x_wconf 85' lang='lat' dir='ltr'>Atrebatensem</span> <span class='ocrx_word' id='word_1_103' title='bbox 1007 2069 1040 2129; x_wconf 88' lang='lat' dir='ltr'>et</span> <span class='ocrx_word' id='word_1_104' title='bbox 1052 2064 1246 2156; x_wconf 56' lang='lat' dir='ltr'>Tornacenf</span> 
     </span>
     <span class='ocr_line' id='line_1_17' title="bbox 126 2168 1303 2262; baseline 0.002 -25"><span class='ocrx_word' id='word_1_105' title='bbox 126 2190 201 2237; x_wconf 85' lang='lat' dir='ltr'>sem</span> <span class='ocrx_word' id='word_1_106' title='bbox 218 2168 443 2260; x_wconf 82' lang='lat' dir='ltr'>subjectos,a</span> <span class='ocrx_word' id='word_1_107' title='bbox 463 2168 626 2238; x_wconf 88' lang='lat' dir='ltr'>Remensi</span> <span class='ocrx_word' id='word_1_108' title='bbox 656 2190 737 2236; x_wconf 89' lang='lat' dir='ltr'>vero</span> <span class='ocrx_word' id='word_1_109' title='bbox 767 2168 946 2260; x_wconf 88' lang='lat' dir='ltr'>provincia</span> <span class='ocrx_word' id='word_1_110' title='bbox 974 2168 1011 2235; x_wconf 92' lang='lat' dir='ltr'>in</span> <span class='ocrx_word' id='word_1_111' title='bbox 1038 2176 1245 2262; x_wconf 88' lang='lat' dir='ltr'>perpetuum</span> <span class='ocrx_word' id='word_1_112' title='bbox 1300 2172 1303 2179; x_wconf 52' lang='lat'><em>⁴</em></span> 
     </span>
     <span class='ocr_line' id='line_1_18' title="bbox 127 2273 1245 2368; baseline 0.004 -26"><span class='ocrx_word' id='word_1_113' title='bbox 127 2280 324 2366; x_wconf 83' lang='lat' dir='ltr'>segregatos</span> <span class='ocrx_word' id='word_1_114' title='bbox 340 2274 484 2368; x_wconf 88' lang='lat' dir='ltr'>ejusque</span> <span class='ocrx_word' id='word_1_115' title='bbox 502 2280 671 2367; x_wconf 89' lang='lat' dir='ltr'>potestate</span> <span class='ocrx_word' id='word_1_116' title='bbox 687 2275 865 2358; x_wconf 88' lang='lat' dir='ltr'>liberatos,</span> <span class='ocrx_word' id='word_1_117' title='bbox 883 2273 1066 2366; x_wconf 85' lang='lat' dir='ltr'>eidemque</span> <span class='ocrx_word' id='word_1_118' title='bbox 1078 2276 1193 2345; x_wconf 89' lang='lat' dir='ltr'>bullas</span> <span class='ocrx_word' id='word_1_119' title='bbox 1204 2278 1245 2347; x_wconf 89' lang='lat' dir='ltr'>de</span> 
     </span>
     <span class='ocr_line' id='line_1_19' title="bbox 126 2381 1246 2476; baseline 0.004 -27"><span class='ocrx_word' id='word_1_120' title='bbox 126 2405 167 2449; x_wconf 87' lang='lat' dir='ltr'>ea</span> <span class='ocrx_word' id='word_1_121' title='bbox 195 2406 233 2450; x_wconf 91' lang='lat' dir='ltr'>re</span> <span class='ocrx_word' id='word_1_122' title='bbox 261 2383 408 2474; x_wconf 89' lang='lat' dir='ltr'>scriptas</span> <span class='ocrx_word' id='word_1_123' title='bbox 439 2381 637 2451; x_wconf 89' lang='lat' dir='ltr'>mittendas.</span> <span class='ocrx_word' id='word_1_124' title='bbox 668 2383 709 2448; x_wconf 94' lang='lat' dir='ltr'>ln</span> <span class='ocrx_word' id='word_1_125' title='bbox 741 2405 879 2449; x_wconf 89' lang='lat' dir='ltr'>summa</span> <span class='ocrx_word' id='word_1_126' title='bbox 912 2405 971 2449; x_wconf 89' lang='lat' dir='ltr'>eos</span> <span class='ocrx_word' id='word_1_127' title='bbox 999 2384 1042 2450; x_wconf 90' lang='lat' dir='ltr'>ad</span> <span class='ocrx_word' id='word_1_128' title='bbox 1073 2384 1246 2476; x_wconf 90' lang='lat' dir='ltr'>synodum</span> 
     </span>
     <span class='ocr_line' id='line_1_20' title="bbox 128 2488 1248 2581; baseline 0.004 -24"><span class='ocrx_word' id='word_1_129' title='bbox 128 2490 335 2558; x_wconf 88' lang='lat' dir='ltr'>Remensem</span> <span class='ocrx_word' id='word_1_130' title='bbox 353 2490 403 2558; x_wconf 91' lang='lat' dir='ltr'>ire</span> <span class='ocrx_word' id='word_1_131' title='bbox 414 2491 526 2559; x_wconf 84' lang='lat' dir='ltr'>vetuit</span> <span class='ocrx_word' id='word_1_132' title='bbox 544 2494 567 2555; x_wconf 78' lang='lat'>².</span> <span class='ocrx_word' id='word_1_133' title='bbox 584 2488 777 2580; x_wconf 78' lang='lat' dir='ltr'>Margaritae</span> <span class='ocrx_word' id='word_1_134' title='bbox 795 2511 1001 2580; x_wconf 87' lang='lat' dir='ltr'>responsum</span> <span class='ocrx_word' id='word_1_135' title='bbox 1012 2491 1248 2581; x_wconf 87' lang='lat' dir='ltr'>probaverunt</span> 
     </span>
     <span class='ocr_line' id='line_1_21' title="bbox 129 2595 1247 2688; baseline 0.005 -25"><span class='ocrx_word' id='word_1_136' title='bbox 129 2601 163 2663; x_wconf 86' lang='lat' dir='ltr'>et</span> <span class='ocrx_word' id='word_1_137' title='bbox 177 2595 445 2680; x_wconf 85' lang='lat' dir='ltr'>Granvellanus,</span> <span class='ocrx_word' id='word_1_138' title='bbox 461 2619 566 2688; x_wconf 89' lang='lat' dir='ltr'>quem</span> <span class='ocrx_word' id='word_1_139' title='bbox 582 2596 624 2664; x_wconf 91' lang='lat' dir='ltr'>de</span> <span class='ocrx_word' id='word_1_140' title='bbox 641 2619 677 2664; x_wconf 88' lang='lat' dir='ltr'>re</span> <span class='ocrx_word' id='word_1_141' title='bbox 706 2596 844 2687; x_wconf 84' lang='lat' dir='ltr'>Viglius</span> <span class='ocrx_word' id='word_1_142' title='bbox 868 2602 1055 2665; x_wconf 89' lang='lat' dir='ltr'>monuerat</span> <span class='ocrx_word' id='word_1_143' title='bbox 1066 2599 1088 2682; x_wconf 83' lang='lat'>³,</span> <span class='ocrx_word' id='word_1_144' title='bbox 1116 2607 1149 2667; x_wconf 89' lang='lat' dir='ltr'>et</span> <span class='ocrx_word' id='word_1_145' title='bbox 1174 2602 1247 2670; x_wconf 84' lang='lat' dir='ltr'>Rex</span> 
     </span>
     <span class='ocr_line' id='line_1_22' title="bbox 128 2702 1247 2801; baseline 0.006 -32"><span class='ocrx_word' id='word_1_146' title='bbox 128 2702 187 2793; x_wconf 85' lang='lat' dir='ltr'>qui</span> <span class='ocrx_word' id='word_1_147' title='bbox 205 2704 345 2794; x_wconf 90' lang='lat' dir='ltr'>scripsit</span> <span class='ocrx_word' id='word_1_148' title='bbox 359 2725 500 2772; x_wconf 88' lang='lat' dir='ltr'>noneos</span> <span class='ocrx_word' id='word_1_149' title='bbox 516 2704 646 2783; x_wconf 89' lang='lat' dir='ltr'>decere,</span> <span class='ocrx_word' id='word_1_150' title='bbox 664 2704 744 2770; x_wconf 90' lang='lat' dir='ltr'>licet</span> <span class='ocrx_word' id='word_1_151' title='bbox 760 2704 943 2771; x_wconf 88' lang='lat' dir='ltr'>Remensis</span> <span class='ocrx_word' id='word_1_152' title='bbox 968 2705 1247 2801; x_wconf 86' lang='lat' dir='ltr'>archiepiscopus</span> 
     </span>
     <span class='ocr_line' id='line_1_23' title="bbox 129 2809 1318 2901; baseline 0.007 -26"><span class='ocrx_word' id='word_1_153' title='bbox 129 2810 255 2876; x_wconf 90' lang='lat' dir='ltr'>iterum</span> <span class='ocrx_word' id='word_1_154' title='bbox 293 2809 440 2878; x_wconf 89' lang='lat' dir='ltr'>instaret</span> <span class='ocrx_word' id='word_1_155' title='bbox 479 2833 541 2879; x_wconf 92' lang='lat' dir='ltr'>nec</span> <span class='ocrx_word' id='word_1_156' title='bbox 576 2810 821 2901; x_wconf 89' lang='lat' dir='ltr'>disjunctionis</span> <span class='ocrx_word' id='word_1_157' title='bbox 858 2832 1040 2879; x_wconf 86' lang='lat' dir='ltr'>causarum</span> <span class='ocrx_word' id='word_1_158' title='bbox 1074 2814 1246 2883; x_wconf 89' lang='lat' dir='ltr'>rationem</span> <span class='ocrx_word' id='word_1_159' title='bbox 1315 2855 1318 2862; x_wconf 94' lang='lat'>·</span> 
     </span>
     <span class='ocr_line' id='line_1_24' title="bbox 128 2915 634 3009; baseline 0 -26"><span class='ocrx_word' id='word_1_160' title='bbox 128 2915 283 2995; x_wconf 85' lang='lat' dir='ltr'>haberet,</span> <span class='ocrx_word' id='word_1_161' title='bbox 302 2916 345 2984; x_wconf 89' lang='lat' dir='ltr'>ad</span> <span class='ocrx_word' id='word_1_162' title='bbox 360 2916 535 3009; x_wconf 88' lang='lat' dir='ltr'>synodum</span> <span class='ocrx_word' id='word_1_163' title='bbox 549 2917 599 2985; x_wconf 90' lang='lat' dir='ltr'>ire</span> <span class='ocrx_word' id='word_1_164' title='bbox 612 2916 634 2983; x_wconf 82' lang='lat'>⁴.</span> 
     </span>
    </p>

    <p class='ocr_par' dir='ltr' id='par_1_4' title="bbox 130 3022 1249 3660">
     <span class='ocr_line' id='line_1_25' title="bbox 172 3022 1246 3119; baseline 0.006 -28"><span class='ocrx_word' id='word_1_165' title='bbox 172 3023 366 3091; x_wconf 85' lang='lat' dir='ltr'>Cardinalis</span> <span class='ocrx_word' id='word_1_166' title='bbox 385 3024 647 3114; x_wconf 81' lang='lat' dir='ltr'>aLotharingia</span> <span class='ocrx_word' id='word_1_167' title='bbox 663 3024 753 3091; x_wconf 89' lang='lat' dir='ltr'>hanc</span> <span class='ocrx_word' id='word_1_168' title='bbox 773 3022 1026 3093; x_wconf 86' lang='lat' dir='ltr'>recusationem</span> <span class='ocrx_word' id='word_1_169' title='bbox 1053 3048 1124 3095; x_wconf 92' lang='lat' dir='ltr'>non</span> <span class='ocrx_word' id='word_1_170' title='bbox 1147 3051 1246 3119; x_wconf 84' lang='lat' dir='ltr'>aequo</span> 
     </span>
     <span class='ocr_line' id='line_1_26' title="bbox 130 3130 1248 3226; baseline 0.005 -28"><span class='ocrx_word' id='word_1_171' title='bbox 130 3131 246 3199; x_wconf 87' lang='lat' dir='ltr'>auimo</span> <span class='ocrx_word' id='word_1_172' title='bbox 285 3132 427 3222; x_wconf 86' lang='lat' dir='ltr'>accepit.</span> <span class='ocrx_word' id='word_1_173' title='bbox 479 3131 749 3222; x_wconf 86' lang='lat' dir='ltr'>Archiepiscopo</span> <span class='ocrx_word' id='word_1_174' title='bbox 788 3130 1029 3200; x_wconf 86' lang='lat' dir='ltr'>Cameracensi</span> <span class='ocrx_word' id='word_1_175' title='bbox 1070 3137 1248 3226; x_wconf 87' lang='lat' dir='ltr'>respondit</span> 
     </span>
     <span class='ocr_line' id='line_1_27' title="bbox 133 3239 1247 3330; baseline 0.006 -27"><span class='ocrx_word' id='word_1_176' title='bbox 133 3244 381 3330; x_wconf 65' lang='lat' dir='ltr'>«praeceptum</span> <span class='ocrx_word' id='word_1_177' title='bbox 396 3261 470 3307; x_wconf 86' lang='lat' dir='ltr'>esse</span> <span class='ocrx_word' id='word_1_178' title='bbox 492 3260 536 3306; x_wconf 92' lang='lat' dir='ltr'>ne</span> <span class='ocrx_word' id='word_1_179' title='bbox 561 3261 615 3306; x_wconf 89' lang='lat' dir='ltr'>res</span> <span class='ocrx_word' id='word_1_180' title='bbox 637 3239 869 3307; x_wconf 84' lang='lat' dir='ltr'>conficeretur</span> <span class='ocrx_word' id='word_1_181' title='bbox 895 3239 962 3305; x_wconf 91' lang='lat' dir='ltr'>nisi</span> <span class='ocrx_word' id='word_1_182' title='bbox 989 3241 1121 3308; x_wconf 87' lang='lat' dir='ltr'>vocatis</span> <span class='ocrx_word' id='word_1_183' title='bbox 1145 3243 1188 3309; x_wconf 92' lang='lat' dir='ltr'>iis</span> <span class='ocrx_word' id='word_1_184' title='bbox 1204 3242 1247 3311; x_wconf 88' lang='lat' dir='ltr'>ad</span> 
     </span>
     <span class='ocr_line' id='line_1_28' title="bbox 130 3343 1249 3437; baseline 0.005 -25"><span class='ocrx_word' id='word_1_185' title='bbox 130 3345 550 3437; x_wconf 79' lang='lat' dir='ltr'>quosquomodocumque</span> <span class='ocrx_word' id='word_1_186' title='bbox 559 3346 759 3436; x_wconf 87' lang='lat' dir='ltr'>pertineret.</span> <span class='ocrx_word' id='word_1_187' title='bbox 768 3346 814 3412; x_wconf 92' lang='lat' dir='ltr'>At</span> <span class='ocrx_word' id='word_1_188' title='bbox 828 3367 909 3413; x_wconf 90' lang='lat' dir='ltr'>cum</span> <span class='ocrx_word' id='word_1_189' title='bbox 922 3343 1130 3415; x_wconf 89' lang='lat' dir='ltr'>admonendi</span> <span class='ocrx_word' id='word_1_190' title='bbox 1142 3349 1249 3418; x_wconf 90' lang='lat' dir='ltr'>chris·</span> 
     </span>
     <span class='ocr_line' id='line_1_29' title="bbox 133 3452 1248 3546; baseline 0.009 -28"><span class='ocrx_word' id='word_1_191' title='bbox 133 3453 319 3520; x_wconf 86' lang='lat' dir='ltr'>tianiasimi</span> <span class='ocrx_word' id='word_1_192' title='bbox 333 3453 437 3542; x_wconf 84' lang='lat' dir='ltr'>Regis</span> <span class='ocrx_word' id='word_1_193' title='bbox 450 3452 634 3520; x_wconf 86' lang='lat' dir='ltr'>Gallorum</span> <span class='ocrx_word' id='word_1_194' title='bbox 643 3458 676 3520; x_wconf 88' lang='lat' dir='ltr'>et</span> <span class='ocrx_word' id='word_1_195' title='bbox 686 3453 945 3543; x_wconf 87' lang='lat' dir='ltr'>metropolitani</span> <span class='ocrx_word' id='word_1_196' title='bbox 958 3453 1108 3546; x_wconf 90' lang='lat' dir='ltr'>episcopi</span> <span class='ocrx_word' id='word_1_197' title='bbox 1122 3459 1248 3528; x_wconf 89' lang='lat' dir='ltr'>cotidie</span> 
     </span>
     <span class='ocr_line' id='line_1_30' title="bbox 133 3558 1249 3660; baseline 0.009 -33"><span class='ocrx_word' id='word_1_198' title='bbox 133 3566 283 3652; x_wconf 86' lang='lat' dir='ltr'>potestas</span> <span class='ocrx_word' id='word_1_199' title='bbox 298 3564 400 3641; x_wconf 84' lang='lat' dir='ltr'>esset,</span> <span class='ocrx_word' id='word_1_200' title='bbox 428 3559 668 3651; x_wconf 87' lang='lat' dir='ltr'>quinquennio</span> <span class='ocrx_word' id='word_1_201' title='bbox 688 3558 829 3650; x_wconf 91' lang='lat' dir='ltr'>quidem</span> <span class='ocrx_word' id='word_1_202' title='bbox 849 3564 927 3650; x_wconf 88' lang='lat' dir='ltr'>post</span> <span class='ocrx_word' id='word_1_203' title='bbox 944 3583 1054 3629; x_wconf 91' lang='lat' dir='ltr'>unum</span> <span class='ocrx_word' id='word_1_204' title='bbox 1074 3570 1249 3660; x_wconf 86' lang='lat' dir='ltr'>metropo-</span> 
     </span>
    </p>
   </div>
   <div class='ocr_carea' id='block_1_3' title="bbox 132 3787 1246 3934">
    <p class='ocr_par' dir='ltr' id='par_1_5' title="bbox 132 3787 1246 3934">
     <span class='ocr_line' id='line_1_31' title="bbox 162 3787 1246 3860; baseline 0.006 -22"><span class='ocrx_word' id='word_1_205' title='bbox 162 3788 186 3841; x_wconf 85' lang='lat' dir='ltr'>l.</span> <span class='ocrx_word' id='word_1_206' title='bbox 204 3789 425 3840; x_wconf 76' lang='lat' dir='ltr'>l’rotertotionde</span> <span class='ocrx_word' id='word_1_207' title='bbox 438 3789 556 3839; x_wconf 82' lang='lat' dir='ltr'>Maurice</span> <span class='ocrx_word' id='word_1_208' title='bbox 575 3789 606 3839; x_wconf 77' lang='lat' dir='ltr'>Le</span> <span class='ocrx_word' id='word_1_209' title='bbox 626 3787 728 3849; x_wconf 69' lang='lat' dir='ltr'>leuior,</span> <span class='ocrx_word' id='word_1_210' title='bbox 744 3787 851 3839; x_wconf 71' lang='lat' dir='ltr'>archer.</span> <span class='ocrx_word' id='word_1_211' title='bbox 868 3789 900 3837; x_wconf 84' lang='lat' dir='ltr'>de</span> <span class='ocrx_word' id='word_1_212' title='bbox 921 3788 1122 3851; x_wconf 60' lang='lat' dir='ltr'>detruncarem</span> <span class='ocrx_word' id='word_1_213' title='bbox 1143 3793 1170 3844; x_wconf 84' lang='lat' dir='ltr'>la</span> <span class='ocrx_word' id='word_1_214' title='bbox 1181 3801 1246 3860; x_wconf 75' lang='lat' dir='ltr'>prd-</span> 
     </span>
     <span class='ocr_line' id='line_1_32' title="bbox 132 3867 920 3934; baseline -0.001 -15"><span class='ocrx_word' id='word_1_215' title='bbox 132 3871 353 3920; x_wconf 77' lang='lat' dir='ltr'>lendueerection</span> <span class='ocrx_word' id='word_1_216' title='bbox 368 3870 402 3919; x_wconf 86' lang='lat' dir='ltr'>de</span> <span class='ocrx_word' id='word_1_217' title='bbox 418 3869 517 3934; x_wconf 75' lang='lat' dir='ltr'>leplire</span> <span class='ocrx_word' id='word_1_218' title='bbox 533 3870 564 3919; x_wconf 86' lang='lat' dir='ltr'>de</span> <span class='ocrx_word' id='word_1_219' title='bbox 581 3867 751 3920; x_wconf 75' lang='lat' dir='ltr'>Gambreion</span> <span class='ocrx_word' id='word_1_220' title='bbox 766 3868 920 3934; x_wconf 73' lang='lat' dir='ltr'>metropole.</span> 
     </span>
    </p>
   </div>
   <div class='ocr_carea' id='block_1_4' title="bbox 134 3964 1245 4113">
    <p class='ocr_par' dir='ltr' id='par_1_6' title="bbox 134 3964 1245 4113">
     <span class='ocr_line' id='line_1_33' title="bbox 159 3964 1245 4033; baseline 0.006 -17"><span class='ocrx_word' id='word_1_221' title='bbox 159 3965 183 4017; x_wconf 83' lang='lat'>2.</span> <span class='ocrx_word' id='word_1_222' title='bbox 202 3968 325 4033; x_wconf 78' lang='lat' dir='ltr'>Correep.</span> <span class='ocrx_word' id='word_1_223' title='bbox 342 3967 374 4017; x_wconf 85' lang='lat' dir='ltr'>de</span> <span class='ocrx_word' id='word_1_224' title='bbox 388 3966 549 4029; x_wconf 67' lang='lat' dir='ltr'>Narquerite</span> <span class='ocrx_word' id='word_1_225' title='bbox 566 3964 731 4027; x_wconf 79' lang='lat' dir='ltr'>d&#39;Autrielre,</span> <span class='ocrx_word' id='word_1_226' title='bbox 746 3970 764 4016; x_wconf 89' lang='lat' dir='ltr'>t.</span> <span class='ocrx_word' id='word_1_227' title='bbox 782 3964 827 4027; x_wconf 89' lang='lat'>111,</span> <span class='ocrx_word' id='word_1_228' title='bbox 847 3981 873 4029; x_wconf 89' lang='lat' dir='ltr'>p.</span> <span class='ocrx_word' id='word_1_229' title='bbox 891 3965 938 4019; x_wconf 78' lang='lat'>499</span> <span class='ocrx_word' id='word_1_230' title='bbox 960 3968 1010 4032; x_wconf 89' lang='lat' dir='ltr'>(die</span> <span class='ocrx_word' id='word_1_231' title='bbox 1029 3967 1061 4021; x_wconf 80' lang='lat'>³0</span> <span class='ocrx_word' id='word_1_232' title='bbox 1078 3985 1161 4021; x_wconf 85' lang='lat' dir='ltr'>mens.</span> <span class='ocrx_word' id='word_1_233' title='bbox 1184 3987 1245 4022; x_wconf 88' lang='lat' dir='ltr'>nov.</span> 
     </span>
     <span class='ocr_line' id='line_1_34' title="bbox 134 4046 214 4113; baseline 0.025 -16"><span class='ocrx_word' id='word_1_234' title='bbox 134 4046 214 4113; x_wconf 70' lang='grc'><strong>1564).</strong></span> 
     </span>
    </p>
   </div>
   <div class='ocr_carea' id='block_1_5' title="bbox 161 4143 780 4212">
    <p class='ocr_par' dir='ltr' id='par_1_7' title="bbox 161 4143 780 4212">
     <span class='ocr_line' id='line_1_35' title="bbox 161 4143 780 4212; baseline 0 -15"><span class='ocrx_word' id='word_1_235' title='bbox 161 4146 185 4197; x_wconf 80' lang='grc'>3.</span> <span class='ocrx_word' id='word_1_236' title='bbox 204 4146 315 4212; x_wconf 79' lang='lat' dir='ltr'>Papterr</span> <span class='ocrx_word' id='word_1_237' title='bbox 327 4146 427 4206; x_wconf 72' lang='lat' dir='ltr'>rarat,</span> <span class='ocrx_word' id='word_1_238' title='bbox 443 4146 511 4207; x_wconf 86' lang='lat' dir='ltr'>Vlll,</span> <span class='ocrx_word' id='word_1_239' title='bbox 526 4161 553 4210; x_wconf 87' lang='lat' dir='ltr'>p.</span> <span class='ocrx_word' id='word_1_240' title='bbox 564 4144 669 4196; x_wconf 74' lang='lat'>493-494</span> <span class='ocrx_word' id='word_1_241' title='bbox 684 4147 710 4195; x_wconf 89' lang='lat' dir='ltr'>et</span> <span class='ocrx_word' id='word_1_242' title='bbox 724 4143 780 4197; x_wconf 75' lang='lat'><strong>518.</strong></span> 
     </span>
    </p>
   </div>
   <div class='ocr_carea' id='block_1_6' title="bbox 129 4242 1248 4392">
    <p class='ocr_par' dir='ltr' id='par_1_8' title="bbox 129 4242 1248 4392">
     <span class='ocr_line' id='line_1_36' title="bbox 156 4242 1248 4310; baseline 0.003 -15"><span class='ocrx_word' id='word_1_243' title='bbox 156 4246 181 4295; x_wconf 80' lang='lat'>4.</span> <span class='ocrx_word' id='word_1_244' title='bbox 199 4244 373 4310; x_wconf 82' lang='lat' dir='ltr'>Gorrerporrd.</span> <span class='ocrx_word' id='word_1_245' title='bbox 392 4245 425 4295; x_wconf 79' lang='lat' dir='ltr'>de</span> <span class='ocrx_word' id='word_1_246' title='bbox 440 4244 603 4307; x_wconf 74' lang='lat' dir='ltr'>Marpuerite</span> <span class='ocrx_word' id='word_1_247' title='bbox 622 4242 788 4304; x_wconf 76' lang='lat' dir='ltr'>d&#39;dutriche,</span> <span class='ocrx_word' id='word_1_248' title='bbox 807 4243 851 4305; x_wconf 86' lang='lat'>111,</span> <span class='ocrx_word' id='word_1_249' title='bbox 872 4259 897 4308; x_wconf 89' lang='lat' dir='ltr'>p.</span> <span class='ocrx_word' id='word_1_250' title='bbox 917 4245 965 4296; x_wconf 72' lang='lat'>558</span> <span class='ocrx_word' id='word_1_251' title='bbox 984 4245 1062 4310; x_wconf 85' lang='lat' dir='ltr'>(die3</span> <span class='ocrx_word' id='word_1_252' title='bbox 1078 4262 1160 4298; x_wconf 87' lang='lat' dir='ltr'>mens.</span> <span class='ocrx_word' id='word_1_253' title='bbox 1184 4249 1248 4300; x_wconf 79' lang='lat' dir='ltr'>febr.</span> 
     </span>
     <span class='ocr_line' id='line_1_37' title="bbox 129 4324 212 4392; baseline -0.012 -15"><span class='ocrx_word' id='word_1_254' title='bbox 129 4324 212 4392; x_wconf 72' lang='grc'><strong>1566).</strong></span> 
     </span>
    </p>
   </div>
   <div class='ocr_carea' id='block_1_7' title="bbox 0 0 1517 5078">
    <p class='ocr_par' dir='ltr' id='par_1_9' title="bbox 0 0 1517 5078">
     <span class='ocr_line' id='line_1_38' title="bbox 0 0 1517 5078; baseline 0 0"><span class='ocrx_word' id='word_1_255' title='bbox 0 0 1517 5078; x_wconf 95' lang='lat' dir='ltr'> </span> 
     </span>
    </p>
   </div>
  </div>
 </body>
</html>
