2958 5076
459 474 576 522 nnius
599 473 711 520 annua
733 472 949 519 cusreeranms
1221 458 1258 517 77

134 622 318 709 postremo
329 616 538 708 quaesituros
551 626 574 686 ¹.
591 641 610 685 »
626 618 723 686 Tunc
738 615 843 684 etiam
858 614 1052 708 Margarita
1067 614 1158 685 clam
1171 639 1260 684 nun-

137 724 249 793 tiatur
262 725 421 817 reginam
438 724 616 808 Navarra,
642 724 828 806 Colinium,
852 723 1044 815 Orangium
1066 724 1262 814 hugonete-

135 853 290 925 rumque
313 830 418 902 duces
439 829 481 900 de
502 824 731 910 Valentianis,
755 832 925 915 Tornaco‚
945 830 1065 900 Duaeo
1087 837 1123 899 et
1139 831 1263 900 Audo-

137 939 313 1031 maropoli
355 938 565 1032 occupandis
607 938 871 1031 conjuravisse;
913 938 1131 1008 iconomachi
1172 938 1263 1008 aedes

139 1069 257 1114 sacras
272 1045 472 1139 depopulati
487 1050 581 1129 sunt,
598 1047 838 1139 imaginesque
856 1046 1125 1137 discerpserunt.
1143 1046 1262 1139 ltaque

138 1154 339 1245 Margarita,
369 1154 579 1224 tumultibus
599 1153 669 1222 illis
698 1154 798 1245 quasi
821 1153 925 1237 victa,
947 1150 1124 1221 foederatis
1147 1153 1263 1243 aliqua

139 1261 336 1339 remiserat,
361 1261 487 1352 quihus
508 1262 647 1331 veniam
676 1261 966 1352 securitatemque
995 1260 1154 1344 asseruit,
1183 1260 1264 1328 reli-

142 1368 222 1458 quis
239 1391 321 1437 vero
342 1373 546 1460 potestatem
567 1369 650 1437 iecit
674 1390 818 1436 suorum
840 1368 1024 1437 conciones
1045 1367 1207 1437 audiendi
1227 1367 1264 1435 in

141 1474 187 1542 iis
201 1474 289 1543 locis
302 1476 338 1543 in
354 1475 481 1566 quibus
493 1474 624 1543 habitae
640 1475 778 1543 fuerant
797 1475 840 1543 ad
862 1497 943 1543 eum
965 1474 1059 1544 diem
1070 1479 1092 1541 ¹.
1117 1475 1264 1564 Magnus

142 1582 253 1672 igitur
266 1588 342 1651 erat
355 1581 586 1653 Maximiliani
601 1582 718 1661 timer,
736 1604 938 1674 quanquam
953 1576 990 1649 ih
1010 1582 1086 1673 ipsa
1105 1582 1265 1653 Camere·

142 1712 230 1758 cena
245 1689 343 1773 urbe,
360 1689 422 1758 ubi
438 1690 529 1758 cives
544 1712 642 1758 arma
657 1693 876 1781 sumpserant
890 1695 931 1758 ut
951 1710 1028 1758 eam
1050 1711 1070 1756 a
1092 1687 1264 1756 seditiosis

142 1806 178 1864 et
193 1797 432 1866 iconomachis
446 1802 640 1876 tuerentur,
656 1818 763 1890 prope
779 1817 922 1865 securus
937 1802 1011 1864 erat
1026 1798 1049 1863 ³.

189 1904 471 1973 Maximilianum
511 1909 626 1973 autem
665 1926 738 1972 non
770 1902 913 1973 fallebat
952 1902 1165 1973 calvinianos
1205 1925 1265 1994 per

144 2011 583 2106 Gubernatricispromissa
595 2010 637 2080 ab
651 2012 805 2080 amicitia
820 2034 901 2080 oum
908 2011 1097 2102 hugenotis
1109 2009 1266 2079 iacienda

142 2140 216 2187 non
230 2140 330 2211 posse
347 2118 512 2189 deterreri
526 2124 561 2187 et
576 2118 631 2187 die
649 2122 664 2186 l
684 2118 813 2188 mensis
827 2119 916 2188 Nov.
935 2120 1020 2188 1566
1029 2117 1150 2185 Alavae
1158 2118 1265 2208 serip-

143 2226 189 2294 sit
204 2224 379 2295 Colinium
395 2249 475 2295 eum
490 2226 766 2295 Tornacensibus
788 2225 973 2309 haeretiois,
998 2224 1058 2315 qui
1081 2224 1265 2292 conciones

144 2355 225 2400 suas
240 2332 518 2424 integravissont,
535 2355 638 2425 agere
653 2332 885 2425 Gheusiisquo
900 2332 967 2399 tria
982 2330 1097 2399 millia
1105 2331 1264 2422 equitum

142 2439 341 2531 pollicitum
356 2461 430 2508 esse
443 2445 465 2535 ᾗ.
483 2439 571 2508 Tum
586 2437 1264 2530 Maximilianilitteraedocentquomedo

88 2586 98 2609 .
142 2546 196 2613 vis
210 2547 375 2616 haeretice
395 2546 432 2615 in
453 2547 527 2617 dies
549 2570 610 2639 per
632 2552 746 2615 totum
767 2545 927 2639 Belgium
949 2547 1183 2638 ingravescat:
1208 2544 1264 2617 die

145 2657 187 2721 44
202 2654 333 2721 mensis
353 2651 546 2723 decembris
567 2654 714 2722 Alavam
737 2655 920 2745 episcopus
941 2659 1062 2721 menet
1083 2652 1264 2721 seditiosos

144 2759 310 2830 ecclesias
326 2766 360 2829 et
374 2761 585 2829 monasteria
598 2762 787 2842 Bruxellae,
804 2759 1014 2845 Buscoduoi‚
1031 2759 1267 2852 Bredaedepo-

143 2867 284 2961 pulatos
299 2889 373 2936 esse
387 2868 519 2963 ibique,
536 2870 635 2960 quasi
656 2869 693 2937 in
715 2868 857 2961 Orangii
880 2873 1080 2961 conspeetu,
1105 2865 1267 2960 ejusdem

144 2974 324 3066 majorum
339 2997 416 3043 essa
436 2974 636 3067 dispersisse
650 2983 673 3043 ⁸.
697 2976 748 3044 De
770 2975 895 3045 iisdem
917 2975 1020 3044 rebus
1042 2974 1120 3042 aliae
1142 2996 1268 3065 super-

144 3088 228 3150 sunt
242 3082 367 3149 litterae
382 3082 437 3150 die
452 3082 495 3150 28
515 3082 644 3167 mensis
665 3082 831 3151 februarii
856 3083 955 3163 1566,
972 3081 1028 3150 die
1053 3084 1093 3149 44
1114 3079 1266 3172 januarii

144 3198 178 3257 et
193 3192 235 3258 12
251 3188 419 3257 februarii
436 3190 519 3259 {567
535 3189 672 3281 scriptae
688 3197 717 3271 “3
734 3189 896 3281 deinceps
912 3189 966 3257 die
981 3191 1024 3255 22
1039 3186 1263 3256 mansistehr.

145 3295 259 3364 eidem
275 3296 447 3387 signifieat
462 3296 646 3365 hereticos
659 3298 789 3389 Jactere
806 3302 956 3386 quatuor
978 3296 1090 3363 millia
1105 3295 1265 3386 equitum

147 3427 165 3471 e
185 3404 371 3473 Germania
391 3411 549 3488 ventura,
573 3426 724 3493 eumque
748 3409 970 3496 percontatur
991 3409 1111 3470 utrum
1134 3425 1153 3469 e
1176 3401 1266 3470 Ger-

146 3512 262 3580 mania
277 3534 321 3578 an
336 3533 354 3579 e
370 3508 498 3588 Gallia;
517 3534 577 3603 per
592 3510 730 3580 easdem
746 3511 876 3579 litteras
892 3532 972 3578 eum
988 3511 1170 3581 certiorem
1182 3508 1266 3576 iacit

148 3618 337 3689 Cendaeum
351 3618 583 3687 Anisiacovici
609 3641 695 3700 esse,
713 3640 780 3709 quo
800 3617 928 3687 milites
958 3639 1030 3687 sese
1051 3638 1132 3686 eum
1147 3615 1266 3708 Belgis

177 3878 201 3932 4.
218 3878 331 3943 correp
345 3876 377 3929 de
388 3875 513 3943 Philipps
523 3878 559 3941 11,
574 3877 596 3941 1,
611 3892 637 3943 p.
650 3876 698 3928 437
713 3878 739 3928 et
752 3876 810 3926 444.
826 3901 856 3912 -
867 3877 983 3937 Senior,
995 3876 1026 3938 V,
1038 3888 1065 3939 p.
1075 3872 1188 3927 223224.

176 3986 201 4037 2.
217 3986 328 4037 Krnrrn
343 3998 379 4038 nr
391 3985 576 4047 Lmanuevr,
585 3984 633 4051 Op.
649 3986 737 4049 citet,
752 3984 772 4045 Ι,
789 3998 846 4048 cap.
858 3982 1102 4046 lt.-Srnann,p.
1118 3979 1234 4032 aaran.

177 4093 203 4145 3.
218 4093 330 4144 Krnvrn
346 4092 565 4144 anmrnueva
580 4091 601 4153 1,
616 4106 644 4156 p.
662 4091 718 4144 370.

177 4191 203 4245 4.
215 4190 295 4243 Aren
308 4189 368 4242 Nat.
383 4190 416 4242 K.
430 4190 501 4243 tw't.

177 4289 203 4342 5.
217 4288 288 4341 leid.

178 4387 204 4440 6.
221 4387 292 4443 thid·
