2958 5076
407 429 596 474 catvmllrrls
617 429 814 475 vntnnrlanrs
836 432 1035 479 orvnlnnnnrs
1217 421 1276 480 109

155 585 203 656 et,
221 575 313 667 quod
326 573 449 641 validis
463 573 547 641 viris
559 574 638 665 urbi
654 597 742 666 opus
760 580 845 657 erat,
877 598 1000 645 onmes
1028 578 1271 651 admittuntur.

147 685 277 775 Magna
296 686 414 750 autem
433 681 502 747 fuit
526 702 663 763 eornm,
681 682 744 749 sub
767 681 950 772 religionis
966 686 1093 775 specie,
1110 692 1150 754 ut
1170 688 1271 770 solet,

149 791 297 859 licentia
312 798 345 856 et
360 810 495 879 magnae
510 787 547 854 in
563 787 754 855 catholicos
770 787 924 878 injuriae.

196 900 275 965 Non
303 895 394 963 bella
422 916 499 984 quae
533 894 625 963 circa
660 894 882 963 valentianas
911 898 1105 967 factasunt
1131 925 1272 971 narrare

148 1004 346 1096 aggrediar.
364 1001 474 1091 Belgii
496 1002 685 1069 calviniani
709 1004 806 1069 omni
822 1025 886 1094 cpe
901 1005 991 1072 enisi
1017 1012 1099 1075 sunt
1117 1015 1157 1076 ut
1176 1012 1275 1101 oppi-

149 1113 234 1181 dum
252 1115 437 1190 servarent,
460 1108 550 1198 quod
566 1116 782 1199 opportunus
804 1109 927 1178 Gallim
946 1114 1046 1202 quasi
1062 1114 1164 1184 limes
1177 1117 1273 1186 vide·

149 1221 264 1289 batur.
281 1219 351 1285 Diu
370 1215 533 1307 oppidani
555 1217 770 1297 restiterunt,
792 1218 834 1284 ab
854 1218 1048 1311 Antverpia
1076 1228 1112 1289 et
1132 1246 1272 1313 praeser-

149 1327 216 1394 tim
232 1324 347 1394 Gallia
365 1322 539 1391 auxilium
563 1330 815 1413 exspectantes.
846 1324 900 1391 Ad
932 1325 1123 1396 Coudaenm
1151 1332 1271 1400 nuncii

149 1433 280 1523 saepius
308 1430 409 1498 missi
433 1435 514 1496 sunt
538 1434 572 1497 et
599 1429 873 1510 Maximilianus,
894 1433 952 1521 qui
983 1434 1020 1501 in
1042 1437 1271 1506 cameracesii

148 1539 280 1608 linibus
296 1538 495 1627 hugonotos
520 1535 776 1626 speculabatur,
803 1538 995 1607 Condacum
1024 1541 1067 1609 ad
1091 1544 1272 1613 Anisiaco·

147 1648 267 1714 vicum
278 1643 449 1736 synodum
461 1642 610 1711 edixisse
626 1650 709 1711 tunc
725 1645 866 1736 scripsit
882 1646 952 1734 (die
964 1649 1006 1714 22
1018 1671 1131 1718 mens.
1146 1652 1269 1743 febr.);
1303 1694 1306 1699 <

147 1753 347 1821 timendum
363 1773 498 1819 essene
523 1750 586 1817 sub
603 1751 728 1818 umbra
751 1751 874 1842 synodi
902 1754 1050 1822 infestus
1079 1765 1271 1828 conventus

146 1860 334 1928 haberetur
348 1859 420 1948 qui,
437 1854 517 1925 data
540 1859 735 1940 occasione,
758 1881 838 1926 cum
859 1858 976 1952 Belgis
996 1866 1270 1934 communicaret

147 1971 211 2035 aut
225 1989 262 2034 se
278 1964 503 2056 conjungeret
519 1974 538 2031 ¹.
560 1965 677 2056 ltaque
693 1972 733 2032 ut
748 1966 823 2033 sine
838 1968 1163 2063 moraValentianae
1178 1974 1269 2041 obsi-

146 2072 297 2141 deantur
310 2073 408 2164 petit.
426 2072 545 2163 lpsum
562 2071 722 2150 blavam,
744 2074 803 2162 qui
820 2074 858 2141 in
873 2074 986 2143 Gallia
1002 2076 1157 2169 Philippi
1172 2081 1265 2170 regis

147 2180 283 2271 legatus
312 2185 398 2260 erat,
432 2178 711 2247 Valencenarum
747 2201 864 2246 rerum
904 2181 1085 2252 certiorem
1123 2186 1207 2253 facit
1235 2192 1269 2255 et

146 2291 278 2378 quanto
294 2308 396 2377 opere
411 2286 547 2353 intersit
561 2308 632 2354 non
647 2285 860 2354 mediocrem
872 2287 1092 2380 diligentiam
1102 2282 1267 2375 adhibere

142 2398 263 2462 monet
278 2419 285 2459 :
303 2392 464 2483 quocirca
479 2415 558 2461 eum
575 2394 787 2461 amicissime
802 2399 878 2461 orat
893 2401 933 2463 ut
952 2418 992 2463 ea
1008 2397 1074 2465 sibi
1091 2402 1267 2469 renuntiet

142 2523 221 2591 quar
237 2499 279 2570 de
296 2500 445 2592 Belgicis
460 2499 670 2568 tumultibus
690 2500 726 2567 in
752 2499 865 2569 Gallia
881 2503 1009 2586 audiat,
1028 2510 1061 2571 et
1086 2529 1162 2597 quae
1178 2531 1265 2596 prae-

141 2606 234 2677 sidia
248 2633 268 2676 a
284 2607 470 2676 Germania
484 2614 544 2675 aut
560 2606 674 2674 Gallia
690 2607 877 2675 calviniani
895 2618 1124 2702 exspectent'.
1139 2614 1265 2683 Valen-

139 2716 245 2784 tianae
262 2715 298 2782 in
313 2714 526 2784 deditionem
542 2711 597 2781 die
613 2716 655 2782 24
682 2736 792 2783 mens.
811 2717 927 2783 martii
944 2720 1030 2787 {567
1046 2729 1215 2789 venerunt
1233 2729 1266 2790 et

139 2821 402 2891 Maximilianus
417 2821 454 2887 in
468 2820 592 2887 urbem
609 2820 788 2890 subactam
804 2822 897 2904 iniit,
915 2846 1021 2913 quarn
1037 2825 1079 2894 ab
1089 2827 1264 2897 haereticis

139 2929 335 2998 vindicaret
349 2933 373 2996 ³.

186 3038 227 3104 ln
243 3057 394 3118 summa,
413 3034 566 3126 primum
583 3033 799 3103 Valentianis
816 3036 853 3103 in
868 3060 930 3105 sna
942 3037 1264 3134 ecclesiasticapro-

139 3144 270 3225 vincia,
288 3142 346 3211 sed
370 3149 466 3210 extra
485 3164 587 3209 snum
614 3142 830 3223 comitatum,
857 3144 1040 3212 haeratioos
1054 3145 1263 3217 Maximilia·

140 3273 207 3318 nus
219 3251 352 3318 invenit
366 3254 400 3318 et
414 3255 616 3341 persecutus
632 3257 693 3332 est,
704 3256 743 3317 ut
751 3248 955 3342 episcopum
972 3251 1115 3320 decebat
1129 3252 1262 3345 Marga-

140 3356 494 3449 ritaqueetl‘hilippo
515 3357 613 3445 quasi
635 3355 1045 3425 auctoribusLaboravit
1055 3365 1094 3426 ut
1109 3359 1151 3428 ab
1162 3361 1261 3430 initio

139 3464 357 3533 Valentiauis
381 3461 570 3531 calviniani
595 3462 886 3554 opprimerentur,
912 3485 956 3532 ne
982 3464 1063 3534 inde
1095 3466 1261 3538 haeretica

139 3571 247 3663 pestis
263 3571 298 3638 in
311 3570 589 3639 Cameracesium
606 3570 720 3660 ipsum
736 3571 911 3638 transiret.
925 3571 1088 3641 Attamen
1100 3575 1261 3645 abeccle·

138 3678 190 3746 aia
207 3677 406 3745 Valencena
426 3676 574 3743 consilia
598 3675 787 3743 calviniani
811 3677 952 3745 Castelli
978 3680 1258 3772 exquisivernnt;

137 3784 330 3853 calviniani
364 3785 469 3852 etiarn
497 3782 685 3851 Valenceni
709 3783 936 3851 Camaracum
968 3785 1017 3853 ita
1051 3788 1262 3859 sollicitave-

138 3897 231 3970 runt,
254 3898 294 3959 ut
308 3890 570 3959 Maximilianus
591 3890 627 3959 in
647 3912 710 3958 sna
731 3890 805 3981 ipsa
826 3891 966 3960 civitate
987 3894 1261 3987 quadringentos

171 4060 194 4113 l.
212 4060 289 4114 Arch.
303 4060 408 4111 Notion.
423 4059 456 4110 K.
471 4057 543 4111 tam.

173 4161 198 4212 2.
219 4159 290 4211 ltin.

170 4261 193 4310 3.
213 4260 340 4315 Raram
351 4272 385 4308 nr
394 4260 510 4319 Soanos,
521 4254 635 4308 Histoire
645 4259 694 4308 dea
705 4256 822 4309 troubles
843 4257 989 4308 odoenus&
1011 4255 1194 4311 Valenctenm
1209 4276 1261 4325 por

141 4342 232 4391 Pteria
243 4338 341 4404 recept
358 4339 391 4388 te
405 4338 501 4404 flocco,
517 4350 544 4401 p.
559 4336 599 4387 ὀὶ.
