2988 5078
542 1141 832 1219 PROOEMIUM

174 1724 264 1794 Cum
290 1725 360 1791 dux
396 1725 563 1804 Albanus,
589 1722 679 1788 victo
712 1721 862 1812 Orangio
895 1728 928 1789 et
952 1724 988 1789 in
1016 1723 1137 1792 Galliae
1162 1723 1248 1791 fines

130 1833 284 1925 repulsu,
302 1831 482 1899 Bruxellas
499 1829 648 1899 ferocior
666 1826 837 1912 rediisset,
855 1828 1116 1899 Maximilianus
1132 1855 1152 1899 a
1169 1831 1250 1899 Ber-

130 1943 216 2033 gis¹,
246 1939 526 2031 archiepiscopus
554 1936 823 2017 Cameracensis,
850 1937 1091 2021 Richardotus,
1119 1940 1250 2030 episco-

132 2071 197 2140 pus
228 2047 466 2114 Atrebatensis
498 2044 796 2136 Morilloniusque,
817 2044 1078 2114 Mechlinicnsis
1096 2047 1251 2115 ecclesiae

132 2152 474 2245 vicariusgeneralis,
485 2152 630 2221 clericos
643 2174 786 2220 suarum
794 2152 1054 2243 provinciarum
1066 2153 1248 2245 plurimos,

134 2261 398 2355 congratulandi
421 2284 533 2339 causa,
557 2260 699 2329 adeum
720 2259 936 2327 adduxerant
964 2261 1115 2351 (lanuar.
1136 2264 1249 2354 1569).

135 2371 370 2440 Atrebatensis
411 2369 593 2462 episcopus
635 2369 709 2459 qui,
744 2366 976 2461 Maximiliani
1015 2370 1252 2463 comitumque

136 2502 278 2549 suorum
295 2479 452 2560 nomine,
468 2478 574 2545 verba
586 2477 718 2558 habuit,
729 2480 913 2567 postquam
928 2476 1089 2545 laudibus
1106 2479 1253 2547 assuetis

135 2590 276 2656 iunctus
300 2592 362 2663 est,
385 2585 520 2654 veniam
544 2584 744 2675 generalem
766 2606 785 2650 a
804 2585 899 2651 Duce
917 2585 1048 2654 victore
1067 2586 1167 2677 petiit
1190 2608 1253 2678 pro

137 2691 252 2783 Belgis
278 2691 338 2783 qui
368 2695 452 2757 tunc
479 2689 649 2756 haereseos
676 2693 737 2756 aut
760 2692 940 2759 seditionis
977 2693 1123 2761 erimine
1161 2700 1254 2762 tene-

137 2798 273 2881 bantur,
291 2796 445 2888 adeoque
461 2796 654 2865 miserabili
676 2820 834 2866 sermone
852 2799 1073 2868 clementiam
1089 2800 1254 2887 laudavit,

137 2912 175 2974 ut
190 2907 311 2974 fletum
326 2904 499 2996 plerisque
513 2904 662 2973 moverit
675 2916 697 2971 2.
1162 2977 1166 2984 ,

181 3014 222 3082 ln
237 3012 340 3081 bellis
354 3013 447 3081 enim
463 3011 722 3103 civilibusque
738 3015 947 3085 catholicam
962 3016 1156 3086 Ecclesiam
1173 3026 1256 3087 tunc

139 3122 175 3190 in
202 3121 325 3212 Belgio
350 3126 611 3203 concusserunt,
632 3122 774 3190 luerunt
799 3123 953 3215 episcopi
979 3125 1038 3216 qui
1066 3126 1256 3194 maximam

137 3229 359 3298 adhibuerint
400 3228 685 3297 moderationem.
715 3229 786 3297 Nec
825 3230 1006 3322 religionis
1046 3233 1253 3312 libertatem,

137 3362 214 3430 quae
229 3337 272 3406 ab
284 3358 406 3405 eorum
422 3343 456 3405 et
471 3336 637 3426 dignitate
661 3341 694 3404 et
713 3338 927 3430 temporibus
948 3340 1168 3419 abhorrebat,
1191 3363 1256 3410 nec

138 3446 272 3515 Albana
287 3443 457 3537 supplicia
469 3444 661 3535 probarunt
678 3469 686 3510 τ
704 3446 832 3537 quippe
848 3446 907 3538 qui
923 3446 1034 3515 multo
1045 3447 1123 3540 plus
1138 3448 1253 3517 valere

137 3579 269 3649 preces,
297 3574 473 3621 sermones
500 3557 533 3619 et
557 3552 752 3620 doctrinam
775 3552 941 3621 sentirent
969 3577 1074 3644 quam
1099 3578 1195 3624 arma
1222 3562 1256 3626 et

137 3662 279 3753 judicia.
305 3660 428 3729 Tertiae
454 3660 552 3749 quasi
573 3659 714 3728 factioni
734 3661 956 3747 praefuerunt,
976 3684 1052 3753 quae
1069 3686 1139 3732 una
1166 3687 1256 3755 pru-

139 3772 223 3839 dens
253 3769 435 3838 catholicae
472 3766 636 3835 Ecclesia
669 3767 892 3861 Philippique
915 3770 1005 3861 regis
1038 3770 1254 3841 adversarios

138 3880 225 3947 iuter
246 3886 279 3945 ct
298 3875 463 3967 hispanos
486 3874 664 3943 ministros
686 3874 722 3941 in
747 3875 1023 3966 pacificationem
1047 3900 1082 3946 se
1101 3878 1254 3970 interpo-

167 4057 189 4107 Ι,
205 4057 233 4107 In
251 4055 344 4106 fitteris
356 4058 428 4105 sexto
444 4055 546 4106 declino
558 4054 654 4105 sarculo
667 4056 770 4119 scriptis
784 4057 879 4121 sepius
891 4057 923 4107 de
935 4056 1047 4121 Berphes
1059 4058 1169 4119 legitur:
1185 4073 1252 4110 non-

139 4152 268 4203 uunquam
283 4142 369 4187 autam
384 4137 465 4186 modo
478 4136 510 4186 de
519 4135 615 4199 Berpea
624 4135 708 4201 (Corr.
722 4138 754 4187 de
771 4136 947 4201 merochel,
958 4152 983 4201 p.
996 4138 1047 4204 17),
1060 4140 1139 4190 modo
1151 4139 1251 4192 cher·

135 4219 281 4285 percutiet.
300 4217 319 4267 1.
333 4232 359 4282 p.
375 4216 529 4280 45),eturhs
540 4216 609 4278 Berg
619 4231 653 4280 op
665 4217 757 4280 Zoom,
773 4219 841 4270 unde
854 4218 1044 4270 Maximtlianus
1059 4234 1155 4271 nornen
1171 4222 1241 4272 duxit

138 4314 204 4351 nunc
219 4296 288 4365 Berp
305 4297 382 4363 (ibid.
395 4298 427 4348 ΙΙ.
437 4312 462 4361 p.
473 4297 538 4362 464),
547 4311 616 4348 nunc
630 4297 747 4363 Berpbea
758 4297 833 4362 (ibid.
848 4300 879 4351 ΙΙ.
896 4314 922 4364 p.
933 4299 965 4350 79
976 4302 1001 4350 et
1014 4299 1070 4365 499)
1083 4302 1186 4352 dicitur.

165 4399 188 4453 2.
206 4399 326 4462 Curram.
344 4397 380 4447 du
394 4395 518 4447 cardinal
531 4395 563 4446 de
576 4395 725 4461 Graavelte,
736 4396 781 4460 III,
796 4412 822 4462 p.
833 4397 952 4450 434-435.

1092 4503 1105 4554 Ι
