2988 5078
340 486 378 531 ltu
399 485 605 532 cauealcnsm
626 485 828 539 ECCLESIAQUE
850 485 1057 532 cenomanum
1243 469 1262 528 3

136 627 317 697 historicis
360 629 616 698 commendant.
658 629 799 697 Primus
842 627 935 698 enim
980 620 1262 719 archiepiscopus

137 736 396 805 Cameracensis
410 738 492 813 luit;
512 760 584 805 non
601 737 706 805 modo
721 733 944 805 vehementer
969 736 1097 826 Regem
1114 732 1262 803 ducem-

137 866 203 937 que
220 843 395 912 Albanum
408 845 567 915 hortatus
584 850 686 914 estut
702 844 838 913 veniam
851 844 1051 935 generalem
1062 843 1261 935 promulga-

135 960 223 1033 rent,
239 951 300 1019 sed
315 956 348 1020 et
363 951 428 1043 ipsi
449 958 487 1020 ut
502 951 615 1043 legato
631 952 787 1043 pontifex
809 952 985 1020 maximus
1007 950 1104 1020 misit
1127 950 1259 1019 bullam

136 1079 204 1150 qua
214 1060 576 1152 veniamapprobaret3
588 1082 700 1150 neque
711 1058 816 1128 modo
828 1059 1110 1151 archiepiscopus
1124 1081 1259 1149 magnae

134 1165 248 1258 Belgii
274 1168 381 1258 partis
404 1168 482 1251 luit,
508 1167 568 1236 sed
589 1172 622 1236 et
650 1166 842 1235 Germaniae
867 1167 1039 1259 princeps,
1070 1189 1147 1258 quae
1170 1166 1260 1235 inter

136 1272 300 1341 haeresim
315 1280 349 1343 et
371 1274 581 1344 catholicam
610 1273 792 1342 ecclesiam
809 1281 894 1343 tunc
922 1274 1032 1343 divisa
1054 1279 1142 1349 erat3
1165 1273 1259 1342 idem

137 1385 170 1449 et
195 1387 312 1450 rector
343 1382 457 1450 civilis
472 1392 531 1452 aut
544 1382 801 1451 ecclesiasticus
822 1381 1052 1474 quarumdam
1065 1381 1257 1466 civitatum,

135 1488 232 1558 velut
245 1487 384 1558 Castelli
400 1490 660 1559 Cameracensis
682 1496 742 1558 aut
774 1486 1073 1567 Valentianarum,
1103 1512 1190 1582 quas
1212 1488 1260 1557 ita

136 1595 292 1664 haretici
308 1597 554 1688 perturbarunt
568 1604 608 1666 ut
622 1597 659 1664 in
670 1601 808 1688 tempus
828 1595 878 1664 ibi
905 1619 1023 1665 rerum
1050 1596 1121 1664 sint
1142 1596 1255 1688 potiti.

134 1702 233 1772 Adde
247 1704 350 1794 quod,
368 1705 602 1796 praesidiarius
625 1704 715 1772 inter
741 1703 900 1795 Belgium
925 1709 959 1772 et
981 1703 1130 1773 Galliam
1156 1704 1260 1772 inter-
1298 1765 1301 1771 ,

134 1811 260 1900 jectus,
284 1812 407 1881 Galliae
425 1813 511 1881 fines
531 1811 786 1905 speculabatur,
804 1811 866 1879 ubi
892 1813 1088 1904 frequentes
1111 1811 1259 1880 Gondaeo

136 1917 224 1987 duce
239 1920 502 2011 hugonotorum
516 1926 625 1988 coetus
638 1924 746 2004 erent,
760 1919 844 1987 etde
860 1941 982 1987 eorum
998 1918 1153 1988 consiliis
1168 1942 1258 2013 saepe

137 2025 360 2118 Margaritam
375 2033 435 2096 aut
448 2028 625 2095 Albanum
639 2026 793 2109 monuit;
817 2025 1058 2094 auctoritatem
1080 2028 1174 2094 enim
1194 2027 1260 2095 ali·

138 2156 242 2226 quam
258 2134 382 2203 habuit
398 2134 491 2227 apud
505 2136 638 2226 Regem
653 2135 798 2225 ejusque
819 2133 1009 2217 ministros,
1028 2157 1167 2203 summo
1180 2132 1259 2203 loeo

137 2246 256 2324 natus;
284 2265 356 2310 una
380 2241 611 2312 Granvellano
640 2249 672 2310 et
699 2239 880 2309 nonnullis
902 2240 1077 2310 rebellatae
1098 2243 1259 2312 factionis

139 2347 286 2429 ducibus
301 2349 518 2418 familiariter
540 2373 623 2418 usus
648 2354 716 2427 est;
744 2348 892 2440 denique
913 2350 1030 2418 obitus
1050 2372 1122 2418 uon
1141 2351 1259 2419 minus

139 2478 241 2548 qnam
255 2456 327 2525 vita
340 2480 421 2526 eum
436 2458 609 2550 insignem
622 2456 801 2549 probavit:
821 2478 893 2524 non
907 2455 1011 2524 modo
1023 2456 1093 2525 dux
1103 2457 1259 2526 Albanus

139 2586 218 2631 cum
233 2563 337 2633 laude
351 2563 394 2632 ad
410 2564 539 2657 Regem
558 2565 778 2657 Philippum,
795 2562 853 2632 sed
870 2569 903 2632 et
925 2563 1066 2654 legatus
1082 2564 1202 2633 Galliae
1216 2564 1259 2633 ad

140 2670 305 2739 Carolum
334 2671 384 2741 IX
409 2671 614 2742 defunctum
642 2669 920 2742 Maximilianum
945 2672 1063 2740 statim
1087 2672 1258 2741 rettulit¹.

138 2777 258 2870 ltaque
282 2801 363 2846 eum
388 2779 648 2849 Maximilianus
675 2802 695 2847 a
720 2780 841 2870 Bergis
871 2778 1088 2870 gravioribus
1110 2781 1259 2872 negotiis

138 2884 338 2977 implicatus
354 2888 458 2956 luerit
473 2894 507 2957 et
522 2911 602 2956 eum
626 2885 864 2977 compluribus
888 2885 1049 2954 factionis
1076 2888 1258 2979 utriusque

137 2992 220 3061 viris
236 3002 460 3064 conversatus
475 2997 532 3075 sit,
551 2994 829 3088 operaepretium
846 2998 896 3061 est
909 3015 1064 3085 quaerere
1083 2993 1257 3085 quomodo

138 3122 321 3191 personam
336 3102 373 3169 in
389 3101 569 3173 discordiis
585 3102 734 3193 Belgicis
749 3100 928 3192 pacificam
942 3102 1097 3191 gesserit.

269 3712 299 3775 l.
327 3705 377 3772 Da
402 3701 629 3770 Caunaamsm
656 3724 870 3782 necessrium:
902 3704 1127 3775 Cnuaaaeaasr

181 4042 441 4135 Maximilianus
457 4060 622 4153 araugis,
641 4062 700 4155 qui
725 4068 758 4130 et
780 4061 850 4130 dux
876 4063 1053 4133 Gameraci
1070 4088 1253 4160 comesque

140 4167 368 4243 Cameracesii
385 4173 417 4236 et
432 4168 615 4260 episeopus
630 4176 674 4253 et,
691 4176 771 4261 post
795 4174 1041 4256 annum1562‚
1066 4173 1254 4266 archiepis·

168 4415 190 4466 l.
205 4416 347 4472 naaman,
358 4408 395 4461 La
406 4406 586 4475 Bibliothecae
602 4409 745 4461 Natioccte
758 4412 776 4461 ὰ
789 4413 877 4475 Poris,
891 4411 924 4475 ΙΙ,
939 4426 965 4476 p.
980 4411 1038 4465 494.
